2197 3649
328 235 438 283 190
1033 248 1291 282 mmmm.

429 369 556 409 Pinus
587 370 811 409 Dammara
840 369 1041 409 Lamberae
1066 370 1164 409 Pin.
1193 371 1272 409 Ed.
1299 373 1332 412 1.
1356 372 1390 410 1.
1413 373 1474 413 61.
1504 380 1530 412 t.
1560 373 1610 413 38
1643 379 1684 411 et
1715 373 1765 413 38
1788 372 1864 411 bis.
1906 372 2028 426 Voiyt

480 447 524 484 ιή
547 445 715 498 Sylloy.
740 446 875 497 plant.
905 445 961 483 11.
988 447 1050 486 53.

429 522 557 561 Pinus
585 527 831 561 sumatrana
862 527 901 560 et
933 522 1059 561 Abies
1090 528 1335 562 sumatrana
1365 524 1484 562 Hor-l.
1516 525 1687 564 Bolved.

424 599 553 638 Abies
581 599 810 637 Dammara
836 598 998 638 Poiret.
1025 599 1138 638 Dic-t.
1177 599 1218 639 V.
1245 600 1310 641 35.

427 674 610 725 Agathis
638 674 935 715 loranthifolia
962 675 1194 728 Salia-bury
1218 677 1265 716 in
1289 675 1422 716 Limz.
1449 677 1679 716 'Fran-saec.
1716 677 1828 716 Vm.
1865 676 1954 718 312.
1990 683 2019 715 t.

484 751 544 790 15.
603 751 758 790 Blume
782 751 944 790 Εηηηι.
965 753 1027 804 pl.
1057 752 1159 791 Jav.
1186 753 1250 793 90.

427 826 612 877 Agathis
642 828 870 868 Dammara
897 829 1093 868 Richard
1120 828 1265 879 ΟοηὶΓ.
1290 830 1354 869 83.
1382 835 1409 868 t.
1438 830 1499 869 219.

427 904 652 943 Dammara
682 903 904 944 orientalis
933 904 1141 944 Lambere
1161 905 1262 943 Pin.
1314 905 1393 943 Ed.
1420 905 1458 946 2.
1489 905 1543 944 ΙΙ.
1570 906 1633 946 07.
1663 912 1689 945 t.
1717 907 1780 946 54.
1839 904 2021 944 Loudon

480 979 674 1020 Arborct.
701 981 814 1020 Brit.
841 980 911 1020 JV.
935 981 1052 1022 2447.
1079 979 1115 1032 Γ.
1141 981 1258 1023 2308.
1284 981 1402 1022 2309.

427 1057 653 1096 Dammara
681 1056 840 1109 Malay.

389 1157 593 1207 Habitat
643 1159 697 1206 in
749 1159 984 1207 montibus
1029 1160 1304 1208 insularum
1353 1158 1686 1208 Moluecaram
1711 1198 1724 1216 ,
1792 1157 1929 1207 Javae
1982 1165 2024 1206 et

323 1239 529 1287 Borneo.

477 1342 618 1382 Arbor
644 1346 793 1382 trunco
824 1341 936 1383 elato
965 1342 1134 1397 stricto,
1164 1347 1259 1383 octo
1288 1343 1339 1383 ad
1367 1343 1510 1384 decem
1532 1342 1682 1397 pedum
1702 1342 1923 1397 diametro,
1949 1342 2022 1383 in-

424 1420 546 1459 ferne
575 1419 694 1459 nodis
722 1418 963 1460 resiniferis
989 1423 1159 1473 toroso,
1201 1433 1322 1460 coma
1351 1420 1464 1460 exili.
1527 1421 1592 1460 Ex
1620 1420 1810 1473 disrupto
1841 1419 2021 1460 istarum

424 1495 621 1535 arborum
655 1495 837 1548 cortice,
874 1495 1080 1548 imprimis
1108 1501 1249 1536 autem
1278 1509 1299 1536 e
1334 1496 1536 1549 stirpibus
1564 1495 1830 1549 fructiferis,
1871 1494 1940 1550 qui
1977 1494 2020 1535 in

426 1570 672 1611 universum
701 1571 994 1623 staminigeris
1023 1571 1253 1613 validiores
1283 1576 1408 1627 sunt,
1447 1572 1592 1613 resina
1621 1571 1762 1612 effluit
1789 1571 2023 1624 pellucida‚

427 1647 561 1700 primo
590 1647 730 1687 mollis
759 1651 800 1687 et
830 1647 1027 1701 viscosa,
1070 1649 1144 1688 sed
1182 1648 1298 1688 intra
1330 1661 1487 1701 paucos
1516 1647 1605 1688 dies
1643 1647 1687 1688 in
1714 1647 1870 1700 lapidis
1899 1647 2022 1688 duri-

426 1723 528 1763 tiem
556 1723 821 1778 coalescens,
859 1728 901 1764 et
929 1737 1130 1765 concrum
1158 1725 1404 1775 glacialium
1433 1724 1474 1763 in
1503 1724 1687 1777 speciem
1725 1724 1821 1764 alba
1860 1728 1903 1764 et
1928 1723 2023 1776 pel-

424 1799 567 1840 lucida
595 1813 616 1840 e
644 1804 793 1840 trunco
822 1801 1018 1853 pendula,
1047 1800 1183 1841 serius
1210 1800 1253 1842 in
1281 1800 1443 1841 succini
1473 1801 1657 1841 colorem
1685 1799 1853 1841 transit.
1883 1800 2024 1841 Minor

428 1879 493 1916 est
520 1875 670 1916 resinae
701 1875 906 1931 dignitas,
945 1889 1034 1930 quae
1073 1889 1094 1917 e
1132 1881 1284 1918 trunco
1327 1877 1512 1932 ipsisque
1539 1877 1754 1917 radicibus
1784 1876 1921 1918 cultro
1950 1876 2023 1917 in·-

429 1951 548 2007 eisis,
574 1951 709 1993 variis
735 1952 979 2008 plerumque
1008 1953 1203 1995 sordibus
1232 1953 1473 2009 inquinata,
1503 1953 1732 1995 obtinetur.

729 2072 776 2121 2.
829 2072 1081 2121 DAMMARA
1119 2086 1391 2122 AUSTRALIS
1434 2072 1612 2121 Lam‘b.

389 2185 667 2234 Dammara
690 2183 823 2234 foliis
851 2185 1144 2245 sessilibuS,
1182 2187 1399 2236 amentis
1426 2187 1773 2254 staminigeris
1800 2187 2023 2238 axillari-

321 2266 435 2325 hus,
473 2265 808 2315 antherarum
832 2266 1015 2316 loculis
1041 2268 1196 2316 5—ss
1221 2268 1513 2318 uniseriatis
1540 2269 1696 2318 crista
1720 2269 2023 2319 suborbicu-

321 2346 441 2404 lari,
478 2346 677 2395 strobili
708 2347 913 2396 obovati
937 2364 983 2396 v.
1010 2348 1356 2399 subturbinati
1390 2350 1618 2415 squamis
1656 2350 1802 2415 apice
1833 2349 2022 2415 patulis

323 2427 502 2485 acutiS‚
538 2427 793 2476 seminum
818 2427 899 2477 ala
924 2428 1141 2478 deflexa.

429 2537 613 2587 Agathis
642 2538 844 2577 australis
873 2539 1107 2591 Salisbury
1131 2540 1177 2578 in
1202 2540 1333 2578 Linn.
1361 2541 1586 2580 'Fran-sace.
1618 2541 1728 2579 VIII.
1756 2542 1844 2582 312.

428 2614 655 2653 Dammara
683 2614 886 2653 australis
916 2614 1121 2653 Lambart
1141 2615 1242 2654 Pin.
1288 2616 1372 2655 Ed.
1401 2617 1436 2656 1.
1465 2616 1523 2655 II.
1556 2619 1614 2657 14.
1642 2624 1670 2656 t.
1697 2619 1734 2657 6.
1783 2618 1867 2658 Ed.
1893 2618 1931 2658 2.
1960 2617 2021 2657 11.

483 2689 571 2730 102.
599 2695 626 2728 t.
653 2690 716 2729 55.
747 2689 795 2727 Α.
825 2690 1129 2742 Canninqlmm
1154 2691 1199 2730 in
1222 2690 1377 2731 Annal.
1405 2691 1459 2742 of
1477 2698 1561 2731 nat.
1589 2694 1688 2732 hist.
1711 2694 1745 2732 Ι.
1767 2694 1858 2734 211.
1892 2693 2020 2733 Lou-

485 2765 568 2803 don
592 2764 786 2804 Arbor-et.
812 2765 926 2805 Brit.
951 2766 1020 2805 IV.
1046 2766 1164 2807 2449.
1188 2766 1225 2817 Γ.
1253 2767 1370 2808 2310.
1397 2768 1514 2809 2311.
1578 2769 1824 2808 Zuccarim'
1855 2771 1901 2809 in
1931 2770 2020 2809 Ab-

482 2841 626 2880 handl.
653 2841 730 2880 der
753 2842 951 2881 matham.
973 2843 1101 2894 phys.
1128 2843 1287 2882 Klasse
1312 2844 1389 2883 der
1412 2844 1532 2883 Ber-l.
1559 2844 1764 2883 Aleadem,
1802 2844 1883 2883 III.
1920 2850 1950 2884 t.
1984 2846 2018 2885 1.

482 2914 517 2965 Γ.
542 2916 607 2957 21.
633 2923 661 2955 t.
686 2916 724 2957 2.
749 2915 785 2967 Γ.
814 2917 861 2957 16
886 2916 1032 2967 (err.)
1056 2923 1095 2956 et
1118 2918 1181 2958 17.

431 2990 700 3043 Podocarpus
728 2993 1012 3033 zamiaefolius
1051 2994 1098 3034 Α.
1126 2994 1323 3034 Richard
1346 2995 1465 3033 Flor.
1494 2994 1599 3034 Nov.
1627 2994 1746 3035 Zeel.
1772 2995 1863 3036 360.

433 3064 564 3104 Kauri
593 3076 628 3104 s.
660 3067 791 3106 Kouri
822 3068 929 3106 Nov.
955 3068 1072 3107 Zeel.

397 3163 602 3212 Habitat
643 3165 695 3212 in
729 3165 867 3215 Nova
911 3165 1174 3215 Zeelandia
1216 3169 1424 3224 boreali,
1476 3170 1529 3216 in
1569 3170 1710 3231 sylvis
1741 3171 1892 3232 juxta
1931 3169 2023 3217 Ta-

332 3246 522 3301 mesim,
581 3245 644 3294 ad
689 3247 848 3294 sinum
895 3246 1151 3303 Mercurii,
1210 3250 1274 3296 ad
1321 3250 1449 3298 littus
1499 3251 1682 3298 boreale
1722 3252 1852 3299 sinus
1893 3252 2025 3299 insu·
