<?xml version="1.0" encoding="UTF-8"?>
<!DOCTYPE html PUBLIC "-//W3C//DTD XHTML 1.0 Transitional//EN"
    "http://www.w3.org/TR/xhtml1/DTD/xhtml1-transitional.dtd">
<html xmlns="http://www.w3.org/1999/xhtml" xml:lang="en" lang="en">
 <head>
  <title>
</title>
<meta http-equiv="Content-Type" content="text/html;charset=utf-8" />
  <meta name='ocr-system' content='tesseract 3.04.00' />
  <meta name='ocr-capabilities' content='ocr_page ocr_carea ocr_par ocr_line ocrx_word'/>
</head>
<body>
  <div class='ocr_page' id='page_1' title='image "./synopsisconifera1847endl/synopsisconifera1847endl_0017.png"; bbox 0 0 2197 3649; ppageno 0'>
   <div class='ocr_carea' id='block_1_1' title="bbox 916 216 1903 263">
    <p class='ocr_par' dir='ltr' id='par_1_1' title="bbox 916 216 1903 263">
     <span class='ocr_line' id='line_1_1' title="bbox 916 216 1903 263; baseline 0.002 -11"><span class='ocrx_word' id='word_1_1' title='bbox 916 220 1086 253; x_wconf 64' lang='lat' dir='ltr'><strong>summe</strong></span> <span class='ocrx_word' id='word_1_2' title='bbox 1094 221 1198 254; x_wconf 72' lang='lat' dir='ltr'><strong>urs.</strong></span> <span class='ocrx_word' id='word_1_3' title='bbox 1870 216 1903 263; x_wconf 79' lang='grc'><strong>9</strong></span> 
     </span>
    </p>
   </div>
   <div class='ocr_carea' id='block_1_2' title="bbox 313 343 1914 692">
    <p class='ocr_par' dir='ltr' id='par_1_2' title="bbox 313 343 1914 692">
     <span class='ocr_line' id='line_1_2' title="bbox 313 343 1908 399; baseline 0.002 -14"><span class='ocrx_word' id='word_1_4' title='bbox 313 345 531 399; x_wconf 83' lang='lat' dir='ltr'><strong>„longior,</strong></span> <span class='ocrx_word' id='word_1_5' title='bbox 563 356 739 398; x_wconf 79' lang='lat' dir='ltr'><strong>magna,</strong></span> <span class='ocrx_word' id='word_1_6' title='bbox 771 344 1054 398; x_wconf 87' lang='lat' dir='ltr'><strong>subrotunda,</strong></span> <span class='ocrx_word' id='word_1_7' title='bbox 1086 343 1320 384; x_wconf 80' lang='lat' dir='ltr'><strong>tuberculis</strong></span> <span class='ocrx_word' id='word_1_8' title='bbox 1340 345 1384 398; x_wconf 80' lang='lat'><strong>6,</strong></span> <span class='ocrx_word' id='word_1_9' title='bbox 1414 345 1568 398; x_wconf 83' lang='lat' dir='ltr'><strong>saepius</strong></span> <span class='ocrx_word' id='word_1_10' title='bbox 1590 347 1613 386; x_wconf 78' lang='lat'><strong>9</strong></span> <span class='ocrx_word' id='word_1_11' title='bbox 1644 348 1800 387; x_wconf 86' lang='lat' dir='ltr'><strong>retusis</strong></span> <span class='ocrx_word' id='word_1_12' title='bbox 1830 362 1908 389; x_wconf 86' lang='lat' dir='ltr'><strong>an-</strong></span> 
     </span>
     <span class='ocr_line' id='line_1_3' title="bbox 313 415 1910 476; baseline 0.001 -15"><span class='ocrx_word' id='word_1_13' title='bbox 313 421 488 476; x_wconf 81' lang='lat' dir='ltr'><strong>„gulata</strong></span> <span class='ocrx_word' id='word_1_14' title='bbox 507 415 818 475; x_wconf 72' lang='lat' dir='ltr'><strong>exsculptaque&#39;.</strong></span> <span class='ocrx_word' id='word_1_15' title='bbox 858 420 949 461; x_wconf 88' lang='lat' dir='ltr'><strong>Nux</strong></span> <span class='ocrx_word' id='word_1_16' title='bbox 974 420 1205 472; x_wconf 87' lang='lat' dir='ltr'><strong>subovata,</strong></span> <span class='ocrx_word' id='word_1_17' title='bbox 1235 432 1412 473; x_wconf 78' lang='lat' dir='ltr'><strong>magna,</strong></span> <span class='ocrx_word' id='word_1_18' title='bbox 1442 420 1728 475; x_wconf 86' lang='lat' dir='ltr'><strong>trilocularis,</strong></span> <span class='ocrx_word' id='word_1_19' title='bbox 1758 423 1910 464; x_wconf 83' lang='lat' dir='ltr'><strong>loculis</strong></span> 
     </span>
     <span class='ocr_line' id='line_1_4' title="bbox 321 496 1914 553; baseline 0.001 -15"><span class='ocrx_word' id='word_1_20' title='bbox 321 498 515 553; x_wconf 88' lang='lat' dir='ltr'><strong>„parvis,</strong></span> <span class='ocrx_word' id='word_1_21' title='bbox 553 497 807 553; x_wconf 85' lang='lat' dir='ltr'><strong>durissima,</strong></span> <span class='ocrx_word' id='word_1_22' title='bbox 845 511 1024 551; x_wconf 77' lang='lat' dir='ltr'><strong>superne</strong></span> <span class='ocrx_word' id='word_1_23' title='bbox 1054 497 1182 537; x_wconf 88' lang='lat' dir='ltr'><strong>lineis</strong></span> <span class='ocrx_word' id='word_1_24' title='bbox 1210 496 1346 537; x_wconf 88' lang='lat' dir='ltr'><strong>tribus</strong></span> <span class='ocrx_word' id='word_1_25' title='bbox 1375 502 1562 538; x_wconf 84' lang='lat' dir='ltr'><strong>exarata.</strong></span> <span class='ocrx_word' id='word_1_26' title='bbox 1618 499 1768 540; x_wconf 90' lang='lat' dir='ltr'><strong>Nuclei</strong></span> <span class='ocrx_word' id='word_1_27' title='bbox 1804 500 1914 540; x_wconf 88' lang='lat' dir='ltr'><strong>soli-</strong></span> 
     </span>
     <span class='ocr_line' id='line_1_5' title="bbox 315 572 1911 629; baseline 0 -14"><span class='ocrx_word' id='word_1_28' title='bbox 315 575 444 629; x_wconf 89' lang='lat' dir='ltr'><strong>„tarii</strong></span> <span class='ocrx_word' id='word_1_29' title='bbox 487 574 857 626; x_wconf 82' lang='lat' dir='ltr'><strong>ovato-oblongi,</strong></span> <span class='ocrx_word' id='word_1_30' title='bbox 899 573 1100 627; x_wconf 86' lang='lat' dir='ltr'><strong>pellicula</strong></span> <span class='ocrx_word' id='word_1_31' title='bbox 1140 573 1375 614; x_wconf 87' lang='lat' dir='ltr'><strong>loculorum</strong></span> <span class='ocrx_word' id='word_1_32' title='bbox 1417 574 1548 614; x_wconf 84' lang='lat' dir='ltr'><strong>fundo</strong></span> <span class='ocrx_word' id='word_1_33' title='bbox 1592 572 1752 614; x_wconf 79' lang='lat' dir='ltr'><strong>affixi.“</strong></span> <span class='ocrx_word' id='word_1_34' title='bbox 1816 575 1911 615; x_wconf 83' lang='lat' dir='ltr'><strong>La—</strong></span> 
     </span>
     <span class='ocr_line' id='line_1_6' title="bbox 315 651 594 692; baseline -0.007 0"><span class='ocrx_word' id='word_1_35' title='bbox 315 651 471 692; x_wconf 75' lang='lat' dir='ltr'><strong>billard</strong></span> <span class='ocrx_word' id='word_1_36' title='bbox 497 651 525 691; x_wconf 78' lang='lat' dir='ltr'><strong>l.</strong></span> <span class='ocrx_word' id='word_1_37' title='bbox 557 663 594 691; x_wconf 85' lang='lat' dir='ltr'><strong>c.</strong></span> 
     </span>
    </p>
   </div>
   <div class='ocr_carea' id='block_1_3' title="bbox 315 740 1914 947">
    <p class='ocr_par' dir='ltr' id='par_1_3' title="bbox 315 740 1914 947">
     <span class='ocr_line' id='line_1_7' title="bbox 364 740 1913 795; baseline 0.001 -13"><span class='ocrx_word' id='word_1_38' title='bbox 364 744 464 792; x_wconf 79' lang='lat' dir='ltr'><strong>Quae</strong></span> <span class='ocrx_word' id='word_1_39' title='bbox 495 742 543 782; x_wconf 89' lang='lat' dir='ltr'><strong>de</strong></span> <span class='ocrx_word' id='word_1_40' title='bbox 571 741 718 795; x_wconf 85' lang='lat' dir='ltr'><strong>planta</strong></span> <span class='ocrx_word' id='word_1_41' title='bbox 744 747 840 795; x_wconf 83' lang='lat' dir='ltr'><strong>post</strong></span> <span class='ocrx_word' id='word_1_42' title='bbox 859 740 1159 782; x_wconf 88' lang='lat' dir='ltr'><strong>Billardierum</strong></span> <span class='ocrx_word' id='word_1_43' title='bbox 1190 755 1216 781; x_wconf 86' lang='lat' dir='ltr'><strong>a</strong></span> <span class='ocrx_word' id='word_1_44' title='bbox 1242 741 1408 782; x_wconf 89' lang='lat' dir='ltr'><strong>nemine</strong></span> <span class='ocrx_word' id='word_1_45' title='bbox 1431 741 1797 795; x_wconf 79' lang='lat' dir='ltr'><strong>peregrinatorum</strong></span> <span class='ocrx_word' id='word_1_46' title='bbox 1822 756 1913 784; x_wconf 90' lang='lat' dir='ltr'><strong>me-</strong></span> 
     </span>
     <span class='ocr_line' id='line_1_8' title="bbox 318 817 1914 873; baseline 0.001 -15"><span class='ocrx_word' id='word_1_47' title='bbox 318 822 486 858; x_wconf 87' lang='lat' dir='ltr'><strong>morata</strong></span> <span class='ocrx_word' id='word_1_48' title='bbox 514 818 687 858; x_wconf 88' lang='lat' dir='ltr'><strong>Clusius</strong></span> <span class='ocrx_word' id='word_1_49' title='bbox 726 824 768 858; x_wconf 92' lang='lat' dir='ltr'><strong>et</strong></span> <span class='ocrx_word' id='word_1_50' title='bbox 806 817 1024 859; x_wconf 89' lang='lat' dir='ltr'><strong>Bellonius</strong></span> <span class='ocrx_word' id='word_1_51' title='bbox 1064 819 1283 872; x_wconf 83' lang='lat' dir='ltr'><strong>referunt,</strong></span> <span class='ocrx_word' id='word_1_52' title='bbox 1325 818 1405 858; x_wconf 89' lang='lat' dir='ltr'><strong>huc</strong></span> <span class='ocrx_word' id='word_1_53' title='bbox 1436 818 1747 859; x_wconf 80' lang='lat' dir='ltr'><strong>transscribere</strong></span> <span class='ocrx_word' id='word_1_54' title='bbox 1776 832 1914 873; x_wconf 85' lang='lat' dir='ltr'><strong>operae</strong></span> 
     </span>
     <span class='ocr_line' id='line_1_9' title="bbox 315 895 605 947; baseline -0.003 -12"><span class='ocrx_word' id='word_1_55' title='bbox 315 895 497 947; x_wconf 90' lang='lat' dir='ltr'><strong>pretium</strong></span> <span class='ocrx_word' id='word_1_56' title='bbox 526 899 605 935; x_wconf 82' lang='lat' dir='ltr'><strong>est.</strong></span> 
     </span>
    </p>
   </div>
   <div class='ocr_carea' id='block_1_4' title="bbox 311 983 1916 1575">
    <p class='ocr_par' dir='ltr' id='par_1_4' title="bbox 311 983 1916 1575">
     <span class='ocr_line' id='line_1_10' title="bbox 367 983 1911 1040; baseline 0.002 -17"><span class='ocrx_word' id='word_1_57' title='bbox 367 984 557 1038; x_wconf 81' lang='lat' dir='ltr'><strong>„Habhel</strong></span> <span class='ocrx_word' id='word_1_58' title='bbox 573 985 757 1024; x_wconf 83' lang='lat' dir='ltr'><strong>fructus.</strong></span> <span class='ocrx_word' id='word_1_59' title='bbox 790 984 930 1023; x_wconf 84' lang='lat' dir='ltr'><strong>Arbor</strong></span> <span class='ocrx_word' id='word_1_60' title='bbox 948 983 1013 1024; x_wconf 85' lang='lat' dir='ltr'><strong>sui</strong></span> <span class='ocrx_word' id='word_1_61' title='bbox 1032 984 1203 1035; x_wconf 78' lang='lat' dir='ltr'><strong>generis</strong></span> <span class='ocrx_word' id='word_1_62' title='bbox 1219 985 1431 1038; x_wconf 86' lang='lat' dir='ltr'><strong>Cupresso</strong></span> <span class='ocrx_word' id='word_1_63' title='bbox 1452 985 1686 1040; x_wconf 87' lang='lat' dir='ltr'><strong>simillima,</strong></span> <span class='ocrx_word' id='word_1_64' title='bbox 1705 986 1746 1025; x_wconf 90' lang='lat' dir='ltr'><strong>in</strong></span> <span class='ocrx_word' id='word_1_65' title='bbox 1765 986 1911 1039; x_wconf 71' lang='lat' dir='ltr'><strong>Syria.</strong></span> 
     </span>
     <span class='ocr_line' id='line_1_11' title="bbox 314 1061 1912 1115; baseline 0.002 -14"><span class='ocrx_word' id='word_1_66' title='bbox 314 1061 489 1114; x_wconf 78' lang='lat' dir='ltr'><strong>„Facile</strong></span> <span class='ocrx_word' id='word_1_67' title='bbox 520 1061 561 1101; x_wconf 91' lang='lat' dir='ltr'><strong>in</strong></span> <span class='ocrx_word' id='word_1_68' title='bbox 592 1061 828 1101; x_wconf 84' lang='lat' dir='ltr'><strong>doctissimi</strong></span> <span class='ocrx_word' id='word_1_69' title='bbox 852 1061 1097 1101; x_wconf 79' lang='lat' dir='ltr'><strong>Guilandini</strong></span> <span class='ocrx_word' id='word_1_70' title='bbox 1123 1062 1377 1102; x_wconf 76' lang='lat' dir='ltr'><strong>sententiam</strong></span> <span class='ocrx_word' id='word_1_71' title='bbox 1406 1062 1681 1115; x_wconf 80' lang='lat' dir='ltr'><strong>problematis</strong></span> <span class='ocrx_word' id='word_1_72' title='bbox 1701 1064 1775 1103; x_wconf 82' lang='lat' dir='ltr'><strong>lx.</strong></span> <span class='ocrx_word' id='word_1_73' title='bbox 1798 1069 1839 1104; x_wconf 89' lang='lat' dir='ltr'><strong>et</strong></span> <span class='ocrx_word' id='word_1_74' title='bbox 1859 1064 1912 1104; x_wconf 86' lang='lat' dir='ltr'><strong>X.</strong></span> 
     </span>
     <span class='ocr_line' id='line_1_12' title="bbox 315 1119 1916 1191; baseline 0.002 -15"><span class='ocrx_word' id='word_1_75' title='bbox 315 1137 589 1188; x_wconf 77' lang='lat' dir='ltr'><strong>„defensione</strong></span> <span class='ocrx_word' id='word_1_76' title='bbox 619 1136 930 1189; x_wconf 88' lang='lat' dir='ltr'><strong>concesserim,</strong></span> <span class='ocrx_word' id='word_1_77' title='bbox 961 1137 1187 1189; x_wconf 89' lang='lat' dir='ltr'><strong>plurimum</strong></span> <span class='ocrx_word' id='word_1_78' title='bbox 1216 1138 1268 1177; x_wconf 89' lang='lat' dir='ltr'><strong>ad</strong></span> <span class='ocrx_word' id='word_1_79' title='bbox 1297 1119 1431 1191; x_wconf 66' lang='lat' dir='ltr'><strong>Tliyae</strong></span> <span class='ocrx_word' id='word_1_80' title='bbox 1460 1138 1686 1179; x_wconf 86' lang='lat' dir='ltr'><strong>historiam</strong></span> <span class='ocrx_word' id='word_1_81' title='bbox 1715 1153 1741 1179; x_wconf 93' lang='lat' dir='ltr'><strong>a</strong></span> <span class='ocrx_word' id='word_1_82' title='bbox 1769 1140 1916 1179; x_wconf 78' lang='lat' dir='ltr'><strong>&#39;Pheo-</strong></span> 
     </span>
     <span class='ocr_line' id='line_1_13' title="bbox 311 1213 1915 1268; baseline 0.002 -15"><span class='ocrx_word' id='word_1_83' title='bbox 311 1214 512 1267; x_wconf 77' lang='lat' dir='ltr'><strong>„phrasto</strong></span> <span class='ocrx_word' id='word_1_84' title='bbox 542 1213 751 1266; x_wconf 87' lang='lat' dir='ltr'><strong>proditam</strong></span> <span class='ocrx_word' id='word_1_85' title='bbox 779 1214 982 1254; x_wconf 85' lang='lat' dir='ltr'><strong>accedere</strong></span> <span class='ocrx_word' id='word_1_86' title='bbox 1011 1214 1206 1254; x_wconf 81' lang='lat' dir='ltr'><strong>arborem</strong></span> <span class='ocrx_word' id='word_1_87' title='bbox 1234 1214 1300 1254; x_wconf 87' lang='lat' dir='ltr'><strong>sui</strong></span> <span class='ocrx_word' id='word_1_88' title='bbox 1329 1214 1503 1265; x_wconf 80' lang='lat' dir='ltr'><strong>generis</strong></span> <span class='ocrx_word' id='word_1_89' title='bbox 1532 1215 1743 1268; x_wconf 68' lang='lat' dir='ltr'><strong>Cupi-esso</strong></span> <span class='ocrx_word' id='word_1_90' title='bbox 1772 1216 1915 1256; x_wconf 89' lang='lat' dir='ltr'><strong>simil-</strong></span> 
     </span>
     <span class='ocr_line' id='line_1_14' title="bbox 315 1291 1916 1345; baseline 0.002 -15"><span class='ocrx_word' id='word_1_91' title='bbox 315 1291 513 1345; x_wconf 83' lang='lat' dir='ltr'><strong>‚,limam,</strong></span> <span class='ocrx_word' id='word_1_92' title='bbox 553 1291 596 1331; x_wconf 90' lang='lat' dir='ltr'><strong>in</strong></span> <span class='ocrx_word' id='word_1_93' title='bbox 625 1291 782 1344; x_wconf 83' lang='lat' dir='ltr'><strong>Syria,</strong></span> <span class='ocrx_word' id='word_1_94' title='bbox 811 1291 1009 1343; x_wconf 79' lang='lat' dir='ltr'><strong>Aegypto</strong></span> <span class='ocrx_word' id='word_1_95' title='bbox 1039 1296 1081 1331; x_wconf 90' lang='lat' dir='ltr'><strong>et</strong></span> <span class='ocrx_word' id='word_1_96' title='bbox 1109 1291 1270 1332; x_wconf 88' lang='lat' dir='ltr'><strong>Arabia</strong></span> <span class='ocrx_word' id='word_1_97' title='bbox 1299 1297 1566 1344; x_wconf 88' lang='lat' dir='ltr'><strong>nascentem,</strong></span> <span class='ocrx_word' id='word_1_98' title='bbox 1597 1294 1717 1343; x_wconf 82' lang='lat' dir='ltr'><strong>cujus</strong></span> <span class='ocrx_word' id='word_1_99' title='bbox 1745 1294 1916 1334; x_wconf 82' lang='lat' dir='ltr'><strong>fructus</strong></span> 
     </span>
     <span class='ocr_line' id='line_1_15' title="bbox 312 1368 1913 1422; baseline 0.002 -14"><span class='ocrx_word' id='word_1_100' title='bbox 312 1368 475 1421; x_wconf 86' lang='lat' dir='ltr'><strong>„Abhel</strong></span> <span class='ocrx_word' id='word_1_101' title='bbox 505 1373 593 1409; x_wconf 90' lang='lat' dir='ltr'><strong>toto</strong></span> <span class='ocrx_word' id='word_1_102' title='bbox 622 1368 785 1408; x_wconf 91' lang='lat' dir='ltr'><strong>oriente</strong></span> <span class='ocrx_word' id='word_1_103' title='bbox 815 1368 1090 1420; x_wconf 88' lang='lat' dir='ltr'><strong>notissimus,</strong></span> <span class='ocrx_word' id='word_1_104' title='bbox 1119 1368 1347 1421; x_wconf 88' lang='lat' dir='ltr'><strong>pilularum</strong></span> <span class='ocrx_word' id='word_1_105' title='bbox 1369 1369 1570 1422; x_wconf 85' lang='lat' dir='ltr'><strong>Oupressi</strong></span> <span class='ocrx_word' id='word_1_106' title='bbox 1600 1370 1913 1421; x_wconf 76' lang='lat' dir='ltr'><strong>magnitudine,</strong></span> 
     </span>
     <span class='ocr_line' id='line_1_16' title="bbox 312 1442 1912 1498; baseline 0.001 -13"><span class='ocrx_word' id='word_1_107' title='bbox 312 1445 482 1498; x_wconf 83' lang='lat' dir='ltr'><strong>„colore</strong></span> <span class='ocrx_word' id='word_1_108' title='bbox 510 1446 609 1485; x_wconf 84' lang='lat' dir='ltr'><strong>rufo</strong></span> <span class='ocrx_word' id='word_1_109' title='bbox 639 1444 683 1485; x_wconf 93' lang='lat' dir='ltr'><strong>in</strong></span> <span class='ocrx_word' id='word_1_110' title='bbox 712 1444 882 1496; x_wconf 83' lang='lat' dir='ltr'><strong>nigrum</strong></span> <span class='ocrx_word' id='word_1_111' title='bbox 911 1442 1111 1485; x_wconf 74' lang='lat' dir='ltr'><strong>declivi.“</strong></span> <span class='ocrx_word' id='word_1_112' title='bbox 1168 1444 1349 1485; x_wconf 77' lang='lat' dir='ltr'><strong>Clusius</strong></span> <span class='ocrx_word' id='word_1_113' title='bbox 1384 1445 1498 1485; x_wconf 71' lang='lat' dir='ltr'><strong>Hisc.</strong></span> <span class='ocrx_word' id='word_1_114' title='bbox 1525 1446 1662 1498; x_wconf 80' lang='lat' dir='ltr'><strong>plant.</strong></span> <span class='ocrx_word' id='word_1_115' title='bbox 1692 1447 1757 1488; x_wconf 76' lang='lat'><strong>37.</strong></span> <span class='ocrx_word' id='word_1_116' title='bbox 1789 1459 1825 1486; x_wconf 83' lang='lat' dir='ltr'><strong>c.</strong></span> <span class='ocrx_word' id='word_1_117' title='bbox 1856 1449 1912 1487; x_wconf 79' lang='lat' dir='ltr'><strong>ic.</strong></span> 
     </span>
     <span class='ocr_line' id='line_1_17' title="bbox 312 1520 1187 1575; baseline -0.001 -13"><span class='ocrx_word' id='word_1_118' title='bbox 312 1521 462 1575; x_wconf 88' lang='lat' dir='ltr'><strong>(quam</strong></span> <span class='ocrx_word' id='word_1_119' title='bbox 492 1520 610 1562; x_wconf 88' lang='lat' dir='ltr'><strong>infra</strong></span> <span class='ocrx_word' id='word_1_120' title='bbox 637 1525 828 1573; x_wconf 88' lang='lat' dir='ltr'><strong>repetere</strong></span> <span class='ocrx_word' id='word_1_121' title='bbox 858 1521 962 1562; x_wconf 91' lang='lat' dir='ltr'><strong>utile</strong></span> <span class='ocrx_word' id='word_1_122' title='bbox 991 1521 1187 1571; x_wconf 89' lang='lat' dir='ltr'><strong>credidi.)</strong></span> 
     </span>
    </p>
   </div>
   <div class='ocr_carea' id='block_1_5' title="bbox 309 1612 1915 2492">
    <p class='ocr_par' dir='ltr' id='par_1_5' title="bbox 309 1612 1915 2492">
     <span class='ocr_line' id='line_1_18' title="bbox 365 1612 1913 1665; baseline 0.001 -14"><span class='ocrx_word' id='word_1_123' title='bbox 365 1612 438 1664; x_wconf 79' lang='lat' dir='ltr'><strong>⁷,In</strong></span> <span class='ocrx_word' id='word_1_124' title='bbox 468 1616 609 1651; x_wconf 88' lang='lat' dir='ltr'><strong>monte</strong></span> <span class='ocrx_word' id='word_1_125' title='bbox 638 1612 807 1663; x_wconf 75' lang='lat' dir='ltr'><strong>Tauro,</strong></span> <span class='ocrx_word' id='word_1_126' title='bbox 849 1616 1073 1665; x_wconf 84' lang='lat' dir='ltr'><strong>antequam</strong></span> <span class='ocrx_word' id='word_1_127' title='bbox 1103 1612 1154 1651; x_wconf 89' lang='lat' dir='ltr'><strong>ad</strong></span> <span class='ocrx_word' id='word_1_128' title='bbox 1182 1623 1390 1652; x_wconf 88' lang='lat' dir='ltr'><strong>summum</strong></span> <span class='ocrx_word' id='word_1_129' title='bbox 1419 1612 1626 1652; x_wconf 88' lang='lat' dir='ltr'><strong>verticem</strong></span> <span class='ocrx_word' id='word_1_130' title='bbox 1666 1612 1777 1663; x_wconf 90' lang='lat' dir='ltr'><strong>(jam</strong></span> <span class='ocrx_word' id='word_1_131' title='bbox 1815 1613 1913 1653; x_wconf 84' lang='lat' dir='ltr'><strong>nive</strong></span> 
     </span>
     <span class='ocr_line' id='line_1_19' title="bbox 312 1687 1915 1742; baseline 0.001 -14"><span class='ocrx_word' id='word_1_132' title='bbox 312 1687 526 1741; x_wconf 84' lang='lat' dir='ltr'><strong>„tectum)</strong></span> <span class='ocrx_word' id='word_1_133' title='bbox 565 1687 788 1740; x_wconf 89' lang='lat' dir='ltr'><strong>pervenire</strong></span> <span class='ocrx_word' id='word_1_134' title='bbox 827 1700 1072 1742; x_wconf 81' lang='lat' dir='ltr'><strong>possemus,</strong></span> <span class='ocrx_word' id='word_1_135' title='bbox 1114 1687 1342 1741; x_wconf 67' lang='lat' dir='ltr'><strong>Juniperos</strong></span> <span class='ocrx_word' id='word_1_136' title='bbox 1383 1689 1590 1741; x_wconf 76' lang='lat' dir='ltr'><strong>maiores,</strong></span> <span class='ocrx_word' id='word_1_137' title='bbox 1632 1688 1674 1729; x_wconf 90' lang='lat' dir='ltr'><strong>in</strong></span> <span class='ocrx_word' id='word_1_138' title='bbox 1713 1689 1915 1742; x_wconf 83' lang='lat' dir='ltr'><strong>Cupressi</strong></span> 
     </span>
     <span class='ocr_line' id='line_1_20' title="bbox 315 1763 1914 1820; baseline 0.003 -18"><span class='ocrx_word' id='word_1_139' title='bbox 315 1763 609 1817; x_wconf 80' lang='lat' dir='ltr'><strong>„altitudinem</strong></span> <span class='ocrx_word' id='word_1_140' title='bbox 647 1768 925 1814; x_wconf 77' lang='lat' dir='ltr'><strong>assurgentes</strong></span> <span class='ocrx_word' id='word_1_141' title='bbox 967 1763 1229 1816; x_wconf 86' lang='lat' dir='ltr'><strong>invenimus,</strong></span> <span class='ocrx_word' id='word_1_142' title='bbox 1276 1765 1423 1805; x_wconf 83' lang='lat' dir='ltr'><strong>fructu</strong></span> <span class='ocrx_word' id='word_1_143' title='bbox 1471 1765 1610 1820; x_wconf 91' lang='lat' dir='ltr'><strong>dulci,</strong></span> <span class='ocrx_word' id='word_1_144' title='bbox 1654 1765 1777 1806; x_wconf 90' lang='lat' dir='ltr'><strong>nucis</strong></span> <span class='ocrx_word' id='word_1_145' title='bbox 1822 1767 1914 1806; x_wconf 83' lang='lat' dir='ltr'><strong>fere</strong></span> 
     </span>
     <span class='ocr_line' id='line_1_21' title="bbox 311 1840 1914 1897; baseline 0.002 -18"><span class='ocrx_word' id='word_1_146' title='bbox 311 1840 723 1897; x_wconf 27' lang='lat' dir='ltr'><strong>„magnitudinenet</strong></span> <span class='ocrx_word' id='word_1_147' title='bbox 745 1840 878 1880; x_wconf 76' lang='lat' dir='ltr'><strong>Gallae</strong></span> <span class='ocrx_word' id='word_1_148' title='bbox 900 1841 1202 1894; x_wconf 85' lang='lat' dir='ltr'><strong>quodammodo</strong></span> <span class='ocrx_word' id='word_1_149' title='bbox 1223 1840 1380 1894; x_wconf 84' lang='lat' dir='ltr'><strong>simili,</strong></span> <span class='ocrx_word' id='word_1_150' title='bbox 1401 1855 1479 1895; x_wconf 92' lang='lat' dir='ltr'><strong>quo</strong></span> <span class='ocrx_word' id='word_1_151' title='bbox 1500 1841 1707 1893; x_wconf 79' lang='lat' dir='ltr'><strong>indigenae</strong></span> <span class='ocrx_word' id='word_1_152' title='bbox 1729 1855 1914 1883; x_wconf 86' lang='lat' dir='ltr'><strong>vescun-</strong></span> 
     </span>
     <span class='ocr_line' id='line_1_22' title="bbox 312 1916 1914 1972; baseline 0.001 -14"><span class='ocrx_word' id='word_1_153' title='bbox 312 1922 432 1972; x_wconf 84' lang='lat' dir='ltr'><strong>„tur,</strong></span> <span class='ocrx_word' id='word_1_154' title='bbox 472 1922 518 1957; x_wconf 89' lang='lat' dir='ltr'><strong>ut</strong></span> <span class='ocrx_word' id='word_1_155' title='bbox 547 1929 597 1956; x_wconf 82' lang='lat' dir='ltr'><strong>ex</strong></span> <span class='ocrx_word' id='word_1_156' title='bbox 624 1916 789 1957; x_wconf 87' lang='lat' dir='ltr'><strong>nucleis</strong></span> <span class='ocrx_word' id='word_1_157' title='bbox 818 1916 916 1957; x_wconf 89' lang='lat' dir='ltr'><strong>hinc</strong></span> <span class='ocrx_word' id='word_1_158' title='bbox 946 1916 1041 1957; x_wconf 88' lang='lat' dir='ltr'><strong>inde</strong></span> <span class='ocrx_word' id='word_1_159' title='bbox 1071 1917 1114 1957; x_wconf 90' lang='lat' dir='ltr'><strong>in</strong></span> <span class='ocrx_word' id='word_1_160' title='bbox 1145 1917 1298 1958; x_wconf 88' lang='lat' dir='ltr'><strong>itinere</strong></span> <span class='ocrx_word' id='word_1_161' title='bbox 1328 1932 1353 1958; x_wconf 89' lang='lat' dir='ltr'><strong>a</strong></span> <span class='ocrx_word' id='word_1_162' title='bbox 1381 1919 1502 1959; x_wconf 84' lang='lat' dir='ltr'><strong>nobis</strong></span> <span class='ocrx_word' id='word_1_163' title='bbox 1531 1918 1751 1972; x_wconf 84' lang='lat' dir='ltr'><strong>collectis,</strong></span> <span class='ocrx_word' id='word_1_164' title='bbox 1794 1925 1836 1959; x_wconf 86' lang='lat' dir='ltr'><strong>et</strong></span> <span class='ocrx_word' id='word_1_165' title='bbox 1864 1920 1914 1959; x_wconf 86' lang='lat' dir='ltr'><strong>ab</strong></span> 
     </span>
     <span class='ocr_line' id='line_1_23' title="bbox 312 1993 1913 2047; baseline 0.002 -14"><span class='ocrx_word' id='word_1_166' title='bbox 312 1994 406 2047; x_wconf 85' lang='lat' dir='ltr'><strong>„his</strong></span> <span class='ocrx_word' id='word_1_167' title='bbox 436 1994 504 2047; x_wconf 85' lang='lat' dir='ltr'><strong>qui</strong></span> <span class='ocrx_word' id='word_1_168' title='bbox 535 1993 701 2047; x_wconf 81' lang='lat' dir='ltr'><strong>pulpam</strong></span> <span class='ocrx_word' id='word_1_169' title='bbox 730 1995 955 2034; x_wconf 64' lang='lat' dir='ltr'><strong>medei-ant</strong></span> <span class='ocrx_word' id='word_1_170' title='bbox 984 1994 1162 2043; x_wconf 85' lang='lat' dir='ltr'><strong>abjectis</strong></span> <span class='ocrx_word' id='word_1_171' title='bbox 1193 1995 1542 2036; x_wconf 86' lang='lat' dir='ltr'><strong>observabamus:</strong></span> <span class='ocrx_word' id='word_1_172' title='bbox 1584 1995 1612 2036; x_wconf 92' lang='lat' dir='ltr'><strong>ii</strong></span> <span class='ocrx_word' id='word_1_173' title='bbox 1642 2001 1741 2036; x_wconf 86' lang='lat' dir='ltr'><strong>sunt</strong></span> <span class='ocrx_word' id='word_1_174' title='bbox 1769 1996 1913 2047; x_wconf 78' lang='lat' dir='ltr'><strong>longi—</strong></span> 
     </span>
     <span class='ocr_line' id='line_1_24' title="bbox 314 2070 1913 2127; baseline 0.003 -18"><span class='ocrx_word' id='word_1_175' title='bbox 314 2070 483 2123; x_wconf 87' lang='lat' dir='ltr'><strong>„tudine</strong></span> <span class='ocrx_word' id='word_1_176' title='bbox 519 2075 560 2110; x_wconf 86' lang='lat' dir='ltr'><strong>et</strong></span> <span class='ocrx_word' id='word_1_177' title='bbox 599 2070 884 2111; x_wconf 86' lang='lat' dir='ltr'><strong>crassitudine</strong></span> <span class='ocrx_word' id='word_1_178' title='bbox 913 2071 1053 2111; x_wconf 89' lang='lat' dir='ltr'><strong>nuclei</strong></span> <span class='ocrx_word' id='word_1_179' title='bbox 1085 2071 1244 2127; x_wconf 81' lang='lat' dir='ltr'><strong>Olivae,</strong></span> <span class='ocrx_word' id='word_1_180' title='bbox 1289 2074 1391 2112; x_wconf 84' lang='lat' dir='ltr'><strong>adeo</strong></span> <span class='ocrx_word' id='word_1_181' title='bbox 1430 2073 1523 2113; x_wconf 86' lang='lat' dir='ltr'><strong>duri</strong></span> <span class='ocrx_word' id='word_1_182' title='bbox 1564 2078 1608 2113; x_wconf 91' lang='lat' dir='ltr'><strong>ut</strong></span> <span class='ocrx_word' id='word_1_183' title='bbox 1646 2072 1736 2113; x_wconf 87' lang='lat' dir='ltr'><strong>solo</strong></span> <span class='ocrx_word' id='word_1_184' title='bbox 1772 2073 1913 2113; x_wconf 88' lang='lat' dir='ltr'><strong>mallei</strong></span> 
     </span>
     <span class='ocr_line' id='line_1_25' title="bbox 313 2145 1914 2201; baseline 0.003 -17"><span class='ocrx_word' id='word_1_185' title='bbox 313 2145 426 2197; x_wconf 70' lang='lat' dir='ltr'><strong>„ictu</strong></span> <span class='ocrx_word' id='word_1_186' title='bbox 456 2145 601 2195; x_wconf 82' lang='lat' dir='ltr'><strong>frangi</strong></span> <span class='ocrx_word' id='word_1_187' title='bbox 634 2145 814 2199; x_wconf 89' lang='lat' dir='ltr'><strong>quirent.</strong></span> <span class='ocrx_word' id='word_1_188' title='bbox 856 2148 972 2186; x_wconf 90' lang='lat' dir='ltr'><strong>Inter</strong></span> <span class='ocrx_word' id='word_1_189' title='bbox 1001 2147 1187 2201; x_wconf 89' lang='lat' dir='ltr'><strong>reliquas</strong></span> <span class='ocrx_word' id='word_1_190' title='bbox 1216 2149 1391 2189; x_wconf 89' lang='lat' dir='ltr'><strong>arbores</strong></span> <span class='ocrx_word' id='word_1_191' title='bbox 1420 2148 1464 2188; x_wconf 88' lang='lat' dir='ltr'><strong>in</strong></span> <span class='ocrx_word' id='word_1_192' title='bbox 1493 2150 1634 2189; x_wconf 82' lang='lat' dir='ltr'><strong>Tauro</strong></span> <span class='ocrx_word' id='word_1_193' title='bbox 1663 2154 1804 2189; x_wconf 90' lang='lat' dir='ltr'><strong>monte</strong></span> <span class='ocrx_word' id='word_1_194' title='bbox 1833 2162 1914 2189; x_wconf 80' lang='lat' dir='ltr'><strong>na-</strong></span> 
     </span>
     <span class='ocr_line' id='line_1_26' title="bbox 312 2222 1913 2278; baseline 0.002 -17"><span class='ocrx_word' id='word_1_195' title='bbox 312 2225 508 2273; x_wconf 79' lang='lat' dir='ltr'><strong>„scentes</strong></span> <span class='ocrx_word' id='word_1_196' title='bbox 548 2227 644 2273; x_wconf 88' lang='lat' dir='ltr'><strong>post</strong></span> <span class='ocrx_word' id='word_1_197' title='bbox 681 2222 863 2262; x_wconf 84' lang='lat' dir='ltr'><strong>Cedrum</strong></span> <span class='ocrx_word' id='word_1_198' title='bbox 905 2223 1064 2274; x_wconf 88' lang='lat' dir='ltr'><strong>primas</strong></span> <span class='ocrx_word' id='word_1_199' title='bbox 1105 2224 1266 2264; x_wconf 89' lang='lat' dir='ltr'><strong>obtinet</strong></span> <span class='ocrx_word' id='word_1_200' title='bbox 1305 2230 1584 2278; x_wconf 84' lang='lat' dir='ltr'><strong>perpetuoque</strong></span> <span class='ocrx_word' id='word_1_201' title='bbox 1623 2225 1748 2264; x_wconf 86' lang='lat' dir='ltr'><strong>viret.</strong></span> <span class='ocrx_word' id='word_1_202' title='bbox 1806 2224 1913 2273; x_wconf 87' lang='lat' dir='ltr'><strong>Ejus</strong></span> 
     </span>
     <span class='ocr_line' id='line_1_27' title="bbox 315 2297 1912 2355; baseline 0.004 -19"><span class='ocrx_word' id='word_1_203' title='bbox 315 2311 442 2350; x_wconf 80' lang='lat' dir='ltr'><strong>„vero</strong></span> <span class='ocrx_word' id='word_1_204' title='bbox 484 2297 712 2338; x_wconf 89' lang='lat' dir='ltr'><strong>delineatio</strong></span> <span class='ocrx_word' id='word_1_205' title='bbox 753 2304 795 2339; x_wconf 86' lang='lat' dir='ltr'><strong>et</strong></span> <span class='ocrx_word' id='word_1_206' title='bbox 835 2300 1066 2353; x_wconf 86' lang='lat' dir='ltr'><strong>descriptio</strong></span> <span class='ocrx_word' id='word_1_207' title='bbox 1107 2301 1348 2341; x_wconf 85' lang='lat' dir='ltr'><strong>invenietur</strong></span> <span class='ocrx_word' id='word_1_208' title='bbox 1385 2303 1424 2341; x_wconf 85' lang='lat' dir='ltr'><strong>in</strong></span> <span class='ocrx_word' id='word_1_209' title='bbox 1462 2302 1593 2355; x_wconf 85' lang='lat' dir='ltr'><strong>libro,</strong></span> <span class='ocrx_word' id='word_1_210' title='bbox 1639 2302 1706 2342; x_wconf 90' lang='lat' dir='ltr'><strong>cui</strong></span> <span class='ocrx_word' id='word_1_211' title='bbox 1745 2302 1912 2342; x_wconf 86' lang='lat' dir='ltr'><strong>titulum</strong></span> 
     </span>
     <span class='ocr_line' id='line_1_28' title="bbox 313 2375 1913 2430; baseline 0.002 -16"><span class='ocrx_word' id='word_1_212' title='bbox 313 2375 550 2427; x_wconf 77' lang='lat' dir='ltr'><strong>„fecimusz</strong></span> <span class='ocrx_word' id='word_1_213' title='bbox 603 2376 650 2415; x_wconf 91' lang='lat' dir='ltr'><strong>de</strong></span> <span class='ocrx_word' id='word_1_214' title='bbox 697 2376 919 2417; x_wconf 88' lang='lat' dir='ltr'><strong>arboribus</strong></span> <span class='ocrx_word' id='word_1_215' title='bbox 966 2383 1167 2430; x_wconf 85' lang='lat' dir='ltr'><strong>perpetua</strong></span> <span class='ocrx_word' id='word_1_216' title='bbox 1214 2380 1363 2419; x_wconf 85' lang='lat' dir='ltr'><strong>fronde</strong></span> <span class='ocrx_word' id='word_1_217' title='bbox 1411 2376 1690 2419; x_wconf 69' lang='lat' dir='ltr'><strong>virentibus-‘⁴</strong></span> <span class='ocrx_word' id='word_1_218' title='bbox 1763 2380 1913 2419; x_wconf 78' lang='lat' dir='ltr'><strong>Bello-</strong></span> 
     </span>
     <span class='ocr_line' id='line_1_29' title="bbox 309 2452 540 2492; baseline 0.004 -2"><span class='ocrx_word' id='word_1_219' title='bbox 309 2452 415 2492; x_wconf 81' lang='lat' dir='ltr'><strong>m&#39;us</strong></span> <span class='ocrx_word' id='word_1_220' title='bbox 445 2454 472 2492; x_wconf 88' lang='lat' dir='ltr'><strong>l.</strong></span> <span class='ocrx_word' id='word_1_221' title='bbox 504 2465 540 2491; x_wconf 83' lang='lat' dir='ltr'><strong>c.</strong></span> 
     </span>
    </p>
   </div>
   <div class='ocr_carea' id='block_1_6' title="bbox 310 2544 1912 2740">
    <p class='ocr_par' dir='ltr' id='par_1_6' title="bbox 310 2544 1912 2740">
     <span class='ocr_line' id='line_1_30' title="bbox 363 2544 1912 2601; baseline 0.003 -19"><span class='ocrx_word' id='word_1_222' title='bbox 363 2545 490 2594; x_wconf 73' lang='lat' dir='ltr'><strong>„Qum</strong></span> <span class='ocrx_word' id='word_1_223' title='bbox 519 2544 726 2584; x_wconf 87' lang='lat' dir='ltr'><strong>haetenus</strong></span> <span class='ocrx_word' id='word_1_224' title='bbox 750 2544 837 2584; x_wconf 84' lang='lat' dir='ltr'><strong>vidi</strong></span> <span class='ocrx_word' id='word_1_225' title='bbox 859 2545 1041 2584; x_wconf 79' lang='lat' dir='ltr'><strong>Bellonii</strong></span> <span class='ocrx_word' id='word_1_226' title='bbox 1064 2545 1319 2598; x_wconf 82' lang='lat' dir='ltr'><strong>exemplaria</strong></span> <span class='ocrx_word' id='word_1_227' title='bbox 1342 2546 1390 2585; x_wconf 89' lang='lat' dir='ltr'><strong>de</strong></span> <span class='ocrx_word' id='word_1_228' title='bbox 1413 2547 1651 2599; x_wconf 83' lang='lat' dir='ltr'><strong>Coniferis‚</strong></span> <span class='ocrx_word' id='word_1_229' title='bbox 1682 2561 1811 2601; x_wconf 86' lang='lat' dir='ltr'><strong>neque</strong></span> <span class='ocrx_word' id='word_1_230' title='bbox 1834 2548 1912 2587; x_wconf 90' lang='lat' dir='ltr'><strong>de-</strong></span> 
     </span>
     <span class='ocr_line' id='line_1_31' title="bbox 310 2620 1911 2676; baseline 0.002 -17"><span class='ocrx_word' id='word_1_231' title='bbox 310 2620 608 2673; x_wconf 85' lang='lat' dir='ltr'><strong>„lineationem</strong></span> <span class='ocrx_word' id='word_1_232' title='bbox 639 2635 770 2676; x_wconf 87' lang='lat' dir='ltr'><strong>neque</strong></span> <span class='ocrx_word' id='word_1_233' title='bbox 801 2622 1127 2675; x_wconf 85' lang='lat' dir='ltr'><strong>descriptionem</strong></span> <span class='ocrx_word' id='word_1_234' title='bbox 1147 2622 1341 2675; x_wconf 83' lang='lat' dir='ltr'><strong>Juniperi</strong></span> <span class='ocrx_word' id='word_1_235' title='bbox 1364 2623 1540 2671; x_wconf 84' lang='lat' dir='ltr'><strong>majoris</strong></span> <span class='ocrx_word' id='word_1_236' title='bbox 1561 2621 1757 2664; x_wconf 78' lang='lat' dir='ltr'><strong>liabent.“</strong></span> <span class='ocrx_word' id='word_1_237' title='bbox 1804 2623 1911 2664; x_wconf 79' lang='lat' dir='ltr'><strong>Clu-</strong></span> 
     </span>
     <span class='ocr_line' id='line_1_32' title="bbox 313 2699 865 2740; baseline 0 -2"><span class='ocrx_word' id='word_1_238' title='bbox 313 2699 413 2739; x_wconf 62' lang='lat' dir='ltr'><strong>ee‘us</strong></span> <span class='ocrx_word' id='word_1_239' title='bbox 443 2699 500 2739; x_wconf 82' lang='lat' dir='ltr'><strong>ad</strong></span> <span class='ocrx_word' id='word_1_240' title='bbox 528 2700 568 2740; x_wconf 82' lang='grc' dir='ltr'><strong>Ιι.</strong></span> <span class='ocrx_word' id='word_1_241' title='bbox 602 2701 630 2740; x_wconf 80' lang='lat' dir='ltr'><strong>l.</strong></span> <span class='ocrx_word' id='word_1_242' title='bbox 664 2701 865 2740; x_wconf 69' lang='lat' dir='ltr'><strong>Bellonii.</strong></span> 
     </span>
    </p>
   </div>
   <div class='ocr_carea' id='block_1_7' title="bbox 275 2849 1911 2901">
    <p class='ocr_par' dir='ltr' id='par_1_7' title="bbox 275 2849 1911 2901">
     <span class='ocr_line' id='line_1_33' title="bbox 275 2849 1911 2901; baseline 0.001 -4"><span class='ocrx_word' id='word_1_243' title='bbox 275 2850 332 2898; x_wconf 87' lang='lat'><strong>11.</strong></span> <span class='ocrx_word' id='word_1_244' title='bbox 372 2849 784 2899; x_wconf 83' lang='lat' dir='ltr'><strong>OXYCEDRUS.</strong></span> <span class='ocrx_word' id='word_1_245' title='bbox 859 2849 1060 2900; x_wconf 77' lang='lat' dir='ltr'><strong>Semina</strong></span> <span class='ocrx_word' id='word_1_246' title='bbox 1084 2853 1206 2900; x_wconf 77' lang='lat' dir='ltr'><strong>inter</strong></span> <span class='ocrx_word' id='word_1_247' title='bbox 1233 2868 1277 2900; x_wconf 83' lang='lat' dir='ltr'><strong>se</strong></span> <span class='ocrx_word' id='word_1_248' title='bbox 1303 2853 1434 2900; x_wconf 77' lang='lat' dir='ltr'><strong>haud</strong></span> <span class='ocrx_word' id='word_1_249' title='bbox 1460 2853 1652 2901; x_wconf 80' lang='lat' dir='ltr'><strong>coalita.</strong></span> <span class='ocrx_word' id='word_1_250' title='bbox 1689 2881 1743 2887; x_wconf 74' lang='lat'><strong>-—-</strong></span> <span class='ocrx_word' id='word_1_251' title='bbox 1775 2852 1911 2900; x_wconf 80' lang='lat' dir='ltr'><strong>Folia</strong></span> 
     </span>
    </p>
   </div>
   <div class='ocr_carea' id='block_1_8' title="bbox 207 2950 1910 3016">
    <p class='ocr_par' dir='ltr' id='par_1_8' title="bbox 207 2950 1910 3016">
     <span class='ocr_line' id='line_1_34' title="bbox 207 2950 1910 3016; baseline 0.001 -19"><span class='ocrx_word' id='word_1_252' title='bbox 207 2951 433 2998; x_wconf 80' lang='lat' dir='ltr'><strong>ternatim</strong></span> <span class='ocrx_word' id='word_1_253' title='bbox 462 2951 772 3006; x_wconf 74' lang='lat' dir='ltr'><strong>verticillata,</strong></span> <span class='ocrx_word' id='word_1_254' title='bbox 818 2952 919 2999; x_wconf 66' lang='lat' dir='ltr'><strong>basi</strong></span> <span class='ocrx_word' id='word_1_255' title='bbox 955 2953 1244 3008; x_wconf 75' lang='lat' dir='ltr'><strong>articulata,</strong></span> <span class='ocrx_word' id='word_1_256' title='bbox 1287 2952 1614 3016; x_wconf 77' lang='lat' dir='ltr'><strong>eqlandulosa.</strong></span> <span class='ocrx_word' id='word_1_257' title='bbox 1703 2950 1910 3001; x_wconf 81' lang='lat' dir='ltr'><strong>Gemmae</strong></span> 
     </span>
    </p>
   </div>
   <div class='ocr_carea' id='block_1_9' title="bbox 202 3050 452 3110">
    <p class='ocr_par' dir='ltr' id='par_1_9' title="bbox 202 3050 452 3110">
     <span class='ocr_line' id='line_1_35' title="bbox 202 3050 452 3110; baseline 0.012 -15"><span class='ocrx_word' id='word_1_258' title='bbox 202 3050 452 3110; x_wconf 67' lang='lat' dir='ltr'><strong>perulam.</strong></span> 
     </span>
    </p>
   </div>
   <div class='ocr_carea' id='block_1_10' title="bbox 310 3171 1904 3301">
    <p class='ocr_par' dir='ltr' id='par_1_10' title="bbox 310 3171 1904 3301">
     <span class='ocr_line' id='line_1_36' title="bbox 310 3171 1904 3226; baseline 0 -16"><span class='ocrx_word' id='word_1_259' title='bbox 310 3171 502 3224; x_wconf 85' lang='lat' dir='ltr'><strong>Juniperi</strong></span> <span class='ocrx_word' id='word_1_260' title='bbox 533 3178 636 3212; x_wconf 73' lang='lat' dir='ltr'><strong>sect.</strong></span> <span class='ocrx_word' id='word_1_261' title='bbox 669 3173 916 3226; x_wconf 81' lang='lat' dir='ltr'><strong>Oxyeedrus</strong></span> <span class='ocrx_word' id='word_1_262' title='bbox 945 3173 1090 3226; x_wconf 77' lang='lat' dir='ltr'><strong>Spach</strong></span> <span class='ocrx_word' id='word_1_263' title='bbox 1119 3175 1165 3213; x_wconf 78' lang='lat' dir='ltr'><strong>in</strong></span> <span class='ocrx_word' id='word_1_264' title='bbox 1194 3173 1347 3214; x_wconf 67' lang='lat' dir='ltr'><strong>Annal.</strong></span> <span class='ocrx_word' id='word_1_265' title='bbox 1379 3186 1440 3214; x_wconf 64' lang='lat' dir='ltr'><strong>sc.</strong></span> <span class='ocrx_word' id='word_1_266' title='bbox 1472 3180 1558 3213; x_wconf 76' lang='lat' dir='ltr'><strong>nat.</strong></span> <span class='ocrx_word' id='word_1_267' title='bbox 1591 3174 1629 3214; x_wconf 83' lang='lat'><strong>2.</strong></span> <span class='ocrx_word' id='word_1_268' title='bbox 1665 3173 1762 3212; x_wconf 80' lang='lat' dir='ltr'><strong>Ser.</strong></span> <span class='ocrx_word' id='word_1_269' title='bbox 1793 3171 1904 3211; x_wconf 77' lang='lat' dir='ltr'><em>XVI.</em></span> 
     </span>
     <span class='ocr_line' id='line_1_37' title="bbox 362 3247 1244 3301; baseline -0.001 -13"><span class='ocrx_word' id='word_1_270' title='bbox 362 3247 454 3288; x_wconf 82' lang='lat'>289.</span> <span class='ocrx_word' id='word_1_271' title='bbox 511 3248 741 3301; x_wconf 84' lang='lat' dir='ltr'><strong>Juniperus</strong></span> <span class='ocrx_word' id='word_1_272' title='bbox 772 3249 984 3300; x_wconf 74' lang='lat' dir='ltr'><strong>Tournef.</strong></span> <span class='ocrx_word' id='word_1_273' title='bbox 1020 3250 1123 3290; x_wconf 75' lang='lat' dir='ltr'><strong>[nst.</strong></span> <span class='ocrx_word' id='word_1_274' title='bbox 1156 3251 1244 3291; x_wconf 84' lang='lat'>361.</span> 
     </span>
    </p>
   </div>
  </div>
 </body>
</html>
