2197 3649
282 222 359 273 94
1064 233 1227 268 Anms.

277 360 593 410 meridionali
618 361 853 409 montium
883 361 1009 408 inter
1031 358 1356 409 Cartaliniam
1386 368 1428 410 et
1454 359 1738 426 Achalqiche
1769 362 1987 418 sitorum,

282 443 417 491 circa
441 440 630 491 Azehur
664 457 808 505 usque
842 442 906 489 ad
938 442 1177 505 reqionem
1206 443 1428 506 alpinam
1459 444 1707 508 sporadice
1741 459 1846 491 cum
1863 442 1992 492 Pina

287 526 513 574 orientali
537 532 814 573 crescentem
840 525 1101 572 observavit
1141 524 1421 576 Wittmann.

435 649 658 699 „Truncus
687 647 958 688 rectissimus
985 649 1038 688 80
1065 648 1190 700 pedes
1229 653 1271 688 et
1299 648 1411 688 ultro
1442 648 1580 702 altus,
1610 648 1816 688 diametro
1855 648 1986 689 trium

385 726 587 778 „pedum,
628 725 786 764 cortice
815 724 914 765 laevi
954 726 1000 764 P.
1033 725 1153 765 albae.
1220 726 1345 765 Rami
1375 725 1517 778 densi,
1554 726 1732 778 pollices
1761 726 1887 780 duos,
1917 725 1990 765 vix

383 813 591 855 „unquam
620 805 709 840 tres
741 801 905 855 crassi,
936 802 1195 852 regulariter
1224 802 1441 855 dispositi,
1477 802 1707 842 inferiores
1737 802 1991 843 horizonta-

384 877 496 931 „les,
526 877 769 930 superiores
799 878 954 928 angulo
985 878 1177 918 acutiore
1207 882 1422 917 exeuntes.
1491 878 1644 918 Aetate
1673 878 1989 932 quatuordecim

384 954 463 1004 „ad
491 953 676 993 sedecim
695 966 900 993 annorum
930 954 1198 994 fructificare
1229 954 1380 1007 incipit
1410 955 1452 994 in
1481 955 1738 994 summitate.
1769 955 1819 995 In
1847 955 1992 995 adulta

383 1031 494 1083 „jam
525 1030 618 1070 inde
648 1044 673 1068 a
692 1035 843 1084 quarta
872 1035 989 1082 parte
1018 1031 1259 1071 altitudinis
1279 1031 1448 1071 strobili
1469 1031 1633 1085 magni,
1664 1031 1825 1085 conici,
1855 1031 1990 1071 erecti

383 1112 541 1159 „totam
573 1107 738 1146 arboris
769 1120 967 1147 coronam
998 1108 1269 1161 cooperiunt,
1310 1108 1498 1148 solitarii
1525 1108 1611 1147 bini
1642 1121 1683 1148 v.
1714 1107 1848 1160 terni,
1876 1107 1990 1147 mul-

383 1190 499 1234 „tum
535 1184 690 1224 resinae
730 1185 998 1224 exsudantes.
1069 1184 1242 1224 Semina
1280 1186 1362 1223 fine
1393 1184 1656 1236 Septembris
1697 1187 1991 1223 maturescunt

385 1260 559 1312 „statim
601 1273 695 1300 cum
737 1260 924 1315 squamis
967 1260 1165 1315 decidua,
1207 1260 1275 1300 axi
1317 1273 1427 1313 saepe
1470 1273 1545 1313 per
1584 1260 1798 1311 integrum
1834 1271 1989 1300 annum

385 1337 656 1390 „superstite.
713 1337 899 1388 Lignum
929 1350 1050 1391 quam
1093 1337 1137 1376 in
1165 1337 1273 1377 Pinu
1311 1337 1511 1376 orientali
1551 1336 1721 1387 durius,
1760 1348 1837 1375 nec
1874 1335 1936 1376 ita
1964 1348 1990 1374 a

388 1415 631 1466 „vermibus
661 1413 945 1455 corroditur.“
1004 1414 1242 1454 Wittmann
1270 1426 1377 1454 msc.
1409 1427 1468 1453 ρει*
1497 1414 1659 1453 steven
1689 1414 1716 1453 l.
1748 1426 1784 1453 c.

439 1505 606 1556 „Arbor
636 1509 750 1544 certe
779 1504 1090 1559 pulcherrima,
1121 1504 1324 1544 foliorum
1354 1505 1494 1544 colore
1524 1503 1662 1554 magis
1691 1516 1813 1558 quam
1842 1504 1885 1544 in
1914 1516 1988 1543 re-

385 1581 541 1636 „liquis
584 1585 787 1633 argenteo
829 1585 872 1621 et
913 1582 1188 1622 strobilorum
1230 1582 1354 1622 mole.
1424 1582 1595 1622 Ramuli
1633 1595 1736 1636 quos
1765 1580 1910 1634 accepi
1939 1581 1986 1621 P.

385 1658 668 1712 „balsameam
709 1658 929 1711 referunt,
983 1658 1089 1710 pube
1127 1659 1274 1712 fusca,
1330 1658 1566 1712 incompta,
1608 1657 1789 1710 propriae
1831 1655 1989 1697 indolis

388 1734 557 1786 „obsiti.
617 1734 741 1774 Folia
767 1734 973 1786 linearia,
1003 1747 1133 1788 usque
1154 1735 1207 1774 ad
1226 1740 1315 1774 tres
1334 1735 1588 1789 quadrantes
1614 1734 1736 1775 lineae
1757 1734 1869 1787 lata,
1889 1733 1988 1787 pol-

386 1811 537 1863 „lieem
568 1810 745 1851 circiter
773 1811 924 1865 longa,
963 1811 1082 1864 apice
1111 1811 1329 1852 levissime
1359 1811 1648 1866 emarginata,
1678 1825 1807 1865 supra
1833 1810 1988 1864 pallide

387 1900 435 1940 „e
476 1889 587 1927 flavo
626 1886 802 1941 viridia,
847 1887 1154 1939 canaliculata,
1198 1888 1346 1928 subtus
1388 1887 1585 1941 utrinque
1626 1887 1741 1926 linea
1783 1889 1987 1937 argenteo

386 1963 567 2015 „glauca
609 1963 799 2004 carinam
853 1964 1149 2018 marginesque
1198 1965 1461 2005 incrassatos
1499 1963 1724 2005 latitudine
1772 1967 1986 2018 aequante,

391 2040 609 2092 „seriebus
639 2040 798 2080 duabus
828 2045 873 2080 ut
902 2040 945 2080 in
973 2042 1020 2081 P.
1050 2041 1180 2081 Picea
1206 2042 1257 2081 L.
1285 2041 1566 2095 longioribus,
1595 2041 1669 2080 sed
1698 2052 1792 2080 eum
1814 2038 1988 2080 basibus

385 2117 506 2170 „plus
542 2117 681 2156 minus
719 2121 835 2156 torta
872 2130 1041 2157 sursum
1081 2117 1261 2157 incurva
1297 2117 1406 2171 sint,
1439 2117 1582 2170 apices
1610 2116 1683 2156 vix
1718 2115 1986 2169 prominent,

385 2194 486 2244 „sed
522 2205 667 2233 omnes
703 2193 978 2246 subaequales.
1041 2193 1224 2233 Amenta
1263 2193 1454 2233 mascula
1491 2193 1601 2233 haud
1639 2191 1742 2232 vidi.
1808 2190 1988 2232 Strobili

385 2269 588 2321 „feminei
618 2269 794 2309 sessiles
826 2282 865 2309 v.
887 2269 1140 2309 brevissime
1169 2269 1463 2323 pedunculati,
1495 2268 1654 2320 erecti,
1684 2267 1862 2322 quinque
1890 2265 1988 2320 pol-

384 2346 516 2397 „lices
535 2346 668 2401 longi,
692 2347 867 2386 duorum
889 2358 982 2386 cum
1004 2346 1176 2385 dimidio
1198 2346 1417 2386 diametro.
1448 2344 1640 2385 Rhachis
1659 2344 1796 2384 lineas
1817 2344 1920 2383 duas
1942 2355 1983 2382 v.

385 2428 503 2474 „tres
532 2435 699 2477 crassa,
729 2422 890 2463 sensim
918 2427 1164 2476 attenuata,
1193 2423 1385 2476 lignosa,
1414 2421 1649 2462 tuberculis
1677 2434 1751 2473 pro
1781 2431 1986 2473 squama-

385 2512 504 2551 „rum
534 2500 766 2539 insertione
796 2500 1015 2552 spiraliter
1045 2499 1264 2552 dispositis
1293 2511 1464 2550 aspera,
1501 2498 1624 2537 lineae
1661 2497 1770 2537 tales
1805 2495 1987 2549 spirales

386 2574 524 2625 „12—
541 2575 588 2614 13
611 2574 652 2613 in
680 2574 851 2624 singula
871 2575 1250 2614 circumvolutione
1281 2579 1375 2613 octo
1405 2573 1654 2625 tuberculis,
1683 2573 1790 2612 unde
1812 2572 1988 2612 circiter

386 2654 580 2700 „centum
609 2649 776 2688 flosculi
805 2663 846 2688 v.
870 2650 1051 2689 ducenta
1079 2650 1242 2689 semina
1270 2650 1313 2689 in
1342 2650 1510 2700 singulo
1539 2649 1735 2689 strobile.
1791 2651 1986 2703 Squamae

386 2731 531 2777 „arcte
560 2726 794 2780 adpressae,
825 2727 1067 2778 superiores
1089 2727 1399 2779 cyathiformes
1426 2727 1518 2767 basi
1548 2727 1650 2767 duas
1680 2727 1815 2766 lineas
1841 2726 1985 2778 longa,

386 2807 666 2855 „angustata7
698 2814 961 2857 compressa,
993 2803 1087 2842 dein
1117 2803 1256 2843 subito
1287 2804 1472 2843 dilatatae
1503 2803 1546 2842 in
1575 2803 1775 2842 laminam
1802 2802 1985 2855 primum

386 2884 597 2931 „rectam,
628 2884 717 2919 tres
747 2879 882 2919 lineas
911 2879 1067 2931 latam,
1098 2879 1193 2918 dein
1222 2879 1343 2919 valde
1373 2891 1597 2931 expansam
1626 2883 1668 2918 et
1696 2877 1888 2917 nonnihil
1907 2890 1985 2916 re-

386 2960 658 3009 „eurvatam,
698 2956 790 2994 fere
832 2955 1146 3009 sesquiunciam
1188 2955 1342 3008 latam,
1386 2968 1474 3008 quae
1518 2960 1560 2994 et
1600 2954 1819 3004 longitudo
1849 2953 1983 3005 ipsius

386 3044 595 3085 „squamae
635 3037 722 3083 est,
762 3032 991 3071 inferiores
1030 3032 1159 3072 multo
1195 3032 1436 3085 breviores,
1479 3031 1639 3070 lamina
1679 3029 1983 3070 subreniformi

384 3107 503 3160 „basi
545 3107 870 3157 triangulariter
909 3114 1095 3148 erenata.
1161 3107 1381 3158 Margines
1419 3106 1621 3147 laterales
1656 3105 1822 3146 laminae
1860 3117 1982 3145 eroso

387 3184 609 3236 „dentatae,
639 3182 832 3235 superior
861 3183 1180 3236 integerrimus,
1209 3183 1348 3223 facies
1377 3183 1545 3223 interna
1574 3182 1722 3223 carina
1749 3181 1886 3222 media
1912 3180 1983 3220 le-

387 3259 526 3311 „viter
562 3264 729 3311 notata,
768 3259 955 3300 exterior
992 3260 1128 3301 laevis.
1186 3261 1367 3300 Bractea
1403 3259 1541 3300 cuivis
1580 3271 1762 3314 squamae
1791 3257 1984 3308 subjecta
