2197 3649
287 221 400 271 118
1052 233 1218 268 PIGEA.

523 358 580 406 ὃ,
618 368 828 411 pygmaea
859 355 1045 398 Loudon
1069 358 1096 398 l.
1119 370 1155 398 c.
1182 358 1366 398 humilis
1387 358 1611 410 fruticosa
1636 363 1801 404 conica.
1859 362 1988 404 Abies

623 448 735 474 nana
758 434 884 475 Hort.

545 528 581 560 ι,
619 510 840 551 tenuifolia
862 510 1047 551 Loudon
1075 512 1103 552 I.
1130 524 1167 551 e.
1194 512 1337 552 ramis
1358 511 1570 568 foliisque
1594 515 1883 557 tenuioribus.

527 606 578 638 χ,
617 588 818 639 gigantea
844 588 1028 629 Louclon
1052 590 1079 629 l.
1107 602 1144 630 c.
1171 596 1329 630 trunco
1351 593 1576 646 ramisque
1598 593 1776 634 validis.

533 665 581 715 λ,
616 661 861 706 ‘monstrosa
893 665 1081 706 Loudon
1119 668 1146 706 l.
1173 679 1209 707 c.
1236 673 1393 708 trumo
1416 669 1612 721 simplici
1636 669 1789 710 conico
1811 667 1989 721 folioso,

625 743 769 783 ramis
792 744 942 784 nullis.

345 867 552 916 Habitat
591 869 645 916 in
680 870 867 932 alpium
896 869 1113 934 Europoe
1150 871 1319 919 medioe
1359 880 1543 928 tractu,
1601 873 1655 920 in
1686 871 1905 920 Helvetia
1947 879 1990 919 et

282 948 447 1012 Tyroli
479 951 605 998 inter
633 944 1002 1000 4000-6500
1026 953 1205 1015 pedum
1229 954 1536 1002 elevationem
1562 955 1799 1018 frequens,
1838 954 1990 1002 inter-

279 1032 394 1080 dum
440 1032 506 1079 ad
549 1028 712 1081 7000¹
770 1033 1076 1082 elevationem
1120 1033 1494 1099 (Stilfserjoch)
1539 1036 1855 1092 adscendens,
1911 1035 1990 1084 sed

279 1122 389 1163 tunc
413 1130 580 1170 nana,
622 1130 744 1163 rara
769 1116 824 1163 in
853 1114 1099 1178 Pyrenaeis
1134 1118 1428 1174 borealibus,
1467 1119 1688 1181 frequens
1724 1117 1777 1165 in
1805 1116 1992 1181 Carpa-

281 1197 351 1246 thi
382 1197 634 1245 eoeterioris
658 1198 924 1261 subalpinis
948 1214 1092 1261 usque
1127 1191 1310 1256 4500⁴,
1354 1207 1396 1248 et
1419 1201 1473 1248 in
1498 1200 1698 1248 centrali
1734 1215 1765 1248 a
1784 1200 1992 1264 planitie

277 1294 421 1342 usque
457 1271 611 1328 4700‘
644 1281 953 1328 elevationem
987 1281 1339 1344 copiosissima,
1394 1297 1478 1330 nec
1512 1282 1682 1330 rarior
1703 1282 1758 1330 in
1785 1279 1990 1331 Germa-

277 1362 392 1410 nica
427 1368 468 1408 et
496 1359 777 1409 Sarmatica
802 1362 1039 1425 planitie,
1082 1370 1126 1410 et
1159 1363 1215 1411 in
1252 1361 1590 1412 Scandinavia
1625 1379 1770 1426 usque
1802 1364 1868 1412 ad
1898 1357 1993 1409 67⁰

278 1442 339 1491 L.
383 1442 482 1500 B.,·
545 1444 775 1491 arborum
835 1458 1171 1507 europcearum
1221 1445 1549 1508 procerrima,
1625 1446 1784 1507 sylvas
1828 1453 1990 1496 vastas

281 1526 462 1573 «editis
491 1526 544 1572 in
580 1526 729 1573 altum
754 1525 923 1580 ramis,
966 1533 1007 1573 et
1024 1541 1157 1589 pura
1180 1526 1305 1574 inter
1329 1535 1522 1574 truncos
1547 1527 1731 1574 humo»
1773 1528 1989 1576 omnium

275 1610 374 1672 fere
425 1608 639 1656 aliarum
691 1608 919 1671 stirpium
962 1608 1261 1671 impatientes
1311 1610 1561 1672 efformat3
1603 1624 1663 1656 ex
1702 1608 1982 1673 Hispania,

283 1688 449 1740 Gallia
482 1690 717 1738 atlantica
751 1697 792 1738 et
824 1689 1199 1747 mediterranea,
1242 1687 1514 1754 Apennino,
1562 1689 1755 1740 Graecia
1789 1699 1830 1740 et
1861 1690 1987 1741 Cau-

277 1788 387 1822 caso
423 1773 555 1821 eoeul.

432 1897 576 1938 Arbor
600 1898 676 1939 150
699 1897 847 1949 pedum
873 1897 1136 1937 altitudinem
1160 1911 1241 1938 non
1268 1911 1365 1939 raro
1391 1899 1620 1954 attingens,
1647 1905 1796 1940 trunco
1821 1899 1988 1950 longis-

380 1975 487 2016 simo
514 1974 772 2029 columnari,
801 1975 1011 2028 ramisque
1037 1976 1274 2016 decussatis
1298 1977 1593 2032 pyramidatis,
1622 1977 1779 2030 patulis
1799 1990 1841 2017 v.
1864 1976 1987 2017 diva-

380 2053 528 2093 ricatis
553 2052 880 2106 speciosissima.
941 2053 1094 2093 Cortex
1120 2053 1362 2105 coriaceus,
1392 2053 1567 2105 flexilis,
1595 2057 1734 2094 tenax.
1803 2053 1987 2103 Lignum

381 2130 548 2182 album,
577 2134 791 2184 tenerum,
833 2129 1200 2179 longitudinaliter
1223 2130 1372 2170 fissile.
1430 2130 1554 2170 Folia
1577 2131 1792 2185 conferta,
1823 2131 1987 2179 juven-

381 2212 471 2247 tute
505 2220 629 2258 saepe
662 2206 863 2260 incurva,
893 2208 1012 2248 5-6
1044 2206 1180 2247 lineas
1214 2207 1366 2260 longa,
1401 2206 1537 2258 rigide
1571 2206 1690 2247 brevi
1715 2211 1984 2261 mucronata,

379 2284 489 2324 laete
512 2283 664 2323 viridia
687 2297 728 2323 v.
756 2284 978 2324 obscurius
1001 2284 1133 2324 tincta
1166 2289 1237 2324 aut
1266 2284 1477 2325 interdum
1501 2284 1627 2325 etiam
1652 2283 1984 2339 glaucescentia,

379 2361 535 2414 petiolo
560 2361 811 2401 brevissimo
838 2374 984 2402 crasso
1009 2361 1226 2413 pulvinulo
1251 2374 1481 2414 squarroso
1505 2361 1744 2401 insidentia.
1799 2361 1985 2401 Amenta

378 2438 656 2487 staminigera
690 2451 842 2478 versus
880 2438 1142 2478 ramulorum
1180 2437 1476 2477 annotinorum
1515 2437 1657 2488 apices
1693 2437 1984 2490 subopposita,

377 2514 506 2554 breve
548 2515 850 2567 pedunculata,
898 2515 987 2554 fere
1030 2514 1274 2566 pollicaria,
1323 2512 1575 2553 staminibus
1618 2513 1745 2567 laxis,
1793 2514 1984 2555 antheris

380 2590 545 2640 magnis
586 2593 695 2630 flavo
734 2590 983 2644 virentibus,
1031 2593 1162 2629 crista
1197 2603 1410 2641 purpurea
1448 2590 1694 2643 rotund-ata,
1742 2591 1982 2646 crenulata,

378 2669 548 2706 reflexa.
587 2667 770 2706 Amenta
793 2666 1087 2716 gemmulis-era
1113 2665 1372 2718 terminalia,
1414 2662 1592 2718 primum
1619 2670 1783 2719 erecta,
1821 2680 1983 2719 purpu-

380 2755 477 2796 rea,
518 2743 680 2781 demum
715 2742 851 2781 fusca.
910 2741 1083 2781 Strobili
1115 2741 1306 2795 penduli,
1339 2741 1586 2795 cylindrici,
1630 2755 1754 2794 saepe
1788 2742 1982 2797 utrinque

380 2818 516 2872 acuti,
554 2822 595 2858 et
627 2818 815 2857 nonnihil
847 2817 1039 2871 incurvi,
1078 2830 1150 2857 sex
1184 2817 1358 2870 pollices
1391 2818 1531 2870 longi,
1563 2818 1764 2858 diametro
1789 2818 1983 2870 pollicari

377 2894 681 2947 bipollicarive.
761 2895 970 2947 Squamae
1007 2895 1099 2933 fere
1137 2893 1460 2948 cartilagineae,
1511 2893 1692 2947 nitidae,
1747 2895 1773 2934 8
1812 2893 1985 2934 circiter

378 2970 514 3011 lineas
538 2971 713 3022 longae,
744 2971 846 3011 6-7
869 2970 1003 3023 latae,
1035 2969 1151 3021 apice
1175 2973 1370 3009 truncato
1396 2981 1519 3009 eroso
1545 2967 1842 3021 denticulatae,
1868 2968 1983 3009 intus

378 3060 451 3101 pro
477 3046 725 3098 recipiendis
750 3047 979 3087 seminibus
1004 3046 1185 3086 foveolis
1211 3046 1371 3086 duobus
1410 3046 1679 3100 exsculptae,
1720 3047 1846 3086 dorso
1871 3059 1981 3087 con-

377 3123 660 3164 vexiusculae.
698 3125 890 3164 Bracteae
915 3123 1152 3163 lanceolatc
1175 3123 1278 3165 2-3
1299 3122 1433 3163 lineas
1456 3123 1608 3173 longae.
1650 3124 1805 3164 Semen
1827 3123 1982 3164 lineam

379 3202 576 3252 longum,
606 3201 727 3250 nigro
756 3202 946 3252 fuscum,
975 3201 1064 3241 basi
1092 3207 1287 3244 acutum,
1319 3202 1385 3240 ala
1413 3200 1570 3251 rig-ida,
1603 3207 1822 3252 truncata,
1853 3202 1980 3241 diiute

381 3279 515 3318 fusca.
576 3278 860 3331 Cotyledones
885 3277 1023 3318 2—3.
