2197 3649
1007 208 1168 242 Aunes,
1825 203 1929 253 101

339 331 799 384 „submembranaceae,
841 329 1133 379 irregulariter
1162 332 1413 385 crenulatae,
1453 333 1619 374 sordide
1651 334 1939 377 cinereo-fus-

337 412 609 462 „eesoentes,
642 412 840 447 autumno
876 408 925 446 ab
957 408 1022 447 axi
1053 409 1202 447 solutae
1243 413 1283 448 et
1326 421 1407 448 una
1437 420 1529 447 cum
1559 409 1792 449 seminibus
1822 412 1939 450 dela-

338 483 528 535 „bentes.
602 483 775 524 Semina
802 483 896 523 basi
929 488 1128 535 cuneata,
1158 485 1320 524 vertice
1352 484 1515 536 oblique
1546 488 1740 523 truncata
1767 485 1939 536 indeque

340 559 754 614 „subtriangularia,
794 563 881 599 toto
923 561 1049 600 dorso
1086 566 1123 600 el
1164 561 1204 601 in
1243 573 1394 610 magna
1423 560 1584 600 ventris
1613 565 1729 612 parte
1759 573 1939 613 squamae

339 637 620 689 „epidermide
651 639 845 678 obducta.
904 638 1035 676 Testa
1065 636 1407 689 membranacea,
1438 636 1717 676 terebinthina
1753 640 1938 676 scatens.

338 714 574 765 „Albumen
604 727 821 765 crassum,
853 714 1068 766 aequabile.
1106 713 1294 765 Embryo
1326 714 1611 765 orthotropus,
1641 713 1830 752 radicula
1861 726 1940 765 cy-

338 792 570 846 „lindrica,
614 798 752 845 recta,
797 793 847 831 ad
889 791 1152 843 micropylen
1194 803 1323 842 usque
1353 791 1580 844 producta,
1621 790 1941 842 cotyledonibus

341 869 470 918 „4—-5
500 868 650 908 lineari
681 868 960 921 subtrigonis,
992 872 1106 907 arcte
1138 868 1179 907 in
1209 867 1465 907 verticillum
1496 866 1756 916 (ποηὲξθεῐίςὲι
1811 866 1940 906 Zuc-

342 946 488 986 care'nz’
515 947 544 986 l.
575 959 612 986 c.

614 1063 691 1111 14.
758 1064 908 1112 Plxus
946 1078 1116 1111 BIFIDA
1154 1062 1288 1111 Sieb.
1329 1069 1380 1111 et
1415 1063 1565 1111 Zucc.

301 1177 456 1226 Abies
494 1176 630 1248 soliis
677 1177 910 1226 distichis
956 1166 1538 1242 divaricato—pe'etinatis
1581 1175 1748 1241 planis
1792 1180 1941 1224 acute

236 1256 402 1306 bifidis
429 1257 611 1306 subtus
638 1257 840 1316 albidis,
877 1257 1103 1306 strobilis
1131 1293 1142 1305 .
1171 1293 1182 1304 .
1211 1293 1222 1304 .
1251 1294 1261 1304 .

341 1368 474 1408 Abies
503 1368 632 1407 bifida
659 1368 834 1408 Siebold
861 1373 905 1408 et
930 1367 1180 1407 Zuccarini
1205 1368 1330 1407 Flor.
1359 1367 1523 1420 Japon.
1556 1367 1613 1408 ΙΙ.
1646 1369 1709 1409 18.
1740 1374 1769 1408 t.
1801 1368 1890 1409 109.

340 1445 473 1485 Pinus
503 1445 630 1484 bifida
658 1445 843 1485 Antoine
873 1444 1018 1495 C'om'f.
1050 1445 1112 1485 79.
1144 1450 1172 1484 t.
1202 1444 1266 1485 31.
1297 1443 1335 1494 f.
1363 1444 1404 1485 2.

343 1522 461 1571 Saga
488 1521 618 1561 Momi
646 1521 809 1574 Japon.

311 1631 495 1682 Colitur
528 1633 583 1682 in
617 1632 854 1698 Japom'a.

393 1746 575 1798 „Arbon
606 1746 731 1787 Rami
753 1747 948 1796 juniores
979 1751 1122 1787 exacte
1152 1752 1330 1799 teretes,
1364 1746 1520 1787 cortice
1551 1747 1719 1787 sordide
1751 1747 1945 1787 cinereo—

342 1824 625 1873 „flavescente
655 1823 782 1878 tecti,
824 1823 980 1863 novelli
1008 1823 1196 1875 pulvinis
1224 1836 1370 1876 parum
1398 1823 1646 1876 prominulis
1675 1824 1945 1873 subangulati

341 1904 408 1951 „et
437 1900 573 1950 magis
604 1902 903 1955 flavescentes,
933 1900 1085 1951 glabri.
1132 1901 1313 1941 Gemmae
1341 1901 1556 1956 perulatae,
1588 1906 1736 1955 ovatae,
1769 1901 1942 1940 obtusae.

343 1978 529 2028 „Perulae
558 1978 680 2018 valde
717 1991 952 2017 numerosae
995 1978 1268 2017 multifariam
1308 1978 1562 2033 imbricatae,
1603 1978 1764 2018 extimae
1794 1978 1946 2017 abbre-

344 2055 518 2106 „viatae,
556 2055 639 2095 late
671 2055 910 2107 deltoideae,
955 2060 1179 2107 sequentes
1208 2056 1427 2105 longiores
1457 2060 1614 2110 ovatae,
1654 2055 1943 2108 acutiusculae,

344 2130 676 2185 „integerrimae,
707 2132 987 2171 subcarinatae
1019 2132 1384 2183 coriaceo-aridae,
1416 2132 1603 2183 glabrae,
1632 2132 1942 2186 fuscescentes,

344 2207 527 2259 „intimae
568 2209 734 2248 tandem
772 2209 1099 2248 membranaceae
1141 2209 1354 2262 oblongae,
1399 2209 1604 2249 flaccidae.
1660 2209 1784 2249 Folia
1811 2210 1947 2261 septi-

345 2298 483 2336 „mum
512 2285 556 2325 in
585 2298 737 2325 annum
766 2285 1061 2338 persistentia,
1093 2286 1275 2338 alterna,
1320 2286 1586 2326 subdisticha
1615 2290 1656 2326 et
1685 2286 1947 2326 divaricato-

346 2361 610 2416 „pectinata,
650 2362 744 2402 basi
774 2367 886 2402 torta
915 2367 955 2402 et
984 2363 1026 2402 in
1056 2363 1256 2415 petiolum
1284 2363 1454 2403 brevem
1489 2363 1689 2415 pellatam
1718 2368 1945 2417 attenuata,

345 2441 515 2489 „exacte
545 2438 748 2492 linearia,
780 2438 1074 2493 integerrima,
1114 2439 1230 2491 apice
1262 2444 1382 2479 acute
1411 2439 1562 2493 bifida,
1599 2439 1710 2478 lobis
1740 2439 1947 2478 subulatis

344 2513 654 2566 „pungentibus
674 2514 806 2554 rectis
825 2514 1042 2566 parallelis
1065 2528 1104 2554 v.
1129 2515 1448 2564 divergentibus
1468 2515 1617 2569 plana,
1648 2515 1797 2554 subtus
1817 2527 1947 2554 nervo

343 2590 505 2641 „medio
537 2591 727 2630 carinata
755 2594 796 2630 et
825 2590 1017 2643 utrinque
1048 2603 1175 2630 secus
1198 2604 1291 2631 eum
1321 2595 1546 2630 stomatum
1576 2591 1683 2629 stria
1712 2590 1806 2629 alba
1835 2590 1948 2628 mul-

346 2667 567 2717 „tiseriata
603 2672 769 2722 notata,
812 2681 990 2720 superne
1035 2669 1206 2723 glabra,
1249 2673 1434 2708 saturate
1475 2668 1679 2722 virentia,
1728 2668 1943 2715 coriacea‚

345 2746 514 2799 „firma,
554 2744 818 2795 longitudine
857 2745 901 2785 in
940 2746 1085 2785 eodem
1123 2746 1283 2785 ramulo
1323 2759 1434 2798 saepe
1476 2746 1586 2785 inter
1612 2747 1638 2786 8
1667 2749 1707 2785 et
1737 2745 1786 2786 18
1813 2744 1947 2784 lineas

345 2820 603 2874 „variantia,
634 2820 802 2860 novella
830 2821 1081 2876 tenerrima,
1123 2821 1249 2862 dilute
1280 2822 1475 2862 virentia.
1534 2822 1684 2862 Flores
1714 2826 1754 2862 et
1782 2821 1947 2860 fructus

346 2897 565 2948 „desunt.“
620 2897 870 2938 Zuccarini
897 2899 925 2938 l.
959 2911 995 2938 c.

563 3031 640 3079 15.
695 3031 845 3080 rmus
881 3045 1179 3081 HOMOLEPIS
1229 3031 1364 3081 Sieb.
1393 3038 1444 3081 et
1474 3034 1624 3081 Zuoe.

309 3143 464 3192 Abies
503 3144 636 3194 foliis
675 3146 1006 3196 suhdistiehis
1044 3147 1326 3196 linearibus
1364 3146 1530 3211 planis
1570 3146 1732 3194 acutis
1771 3161 1815 3191 v.
1855 3144 1944 3191 ob—

243 3223 368 3272 tusis
407 3240 543 3289 saepe
588 3226 814 3276 breviter
852 3227 1192 3293 bicuspidatis
1241 3229 1419 3276 subtus
1459 3227 1669 3283 albidis,
1731 3224 1945 3273 amentis
