2197 3649
336 229 410 279 98
1105 242 1266 276 Amas,

439 368 590 420 „6—-8
617 367 752 407 lineas
779 367 929 419 longa,
968 366 1103 406 crista
1138 366 1411 406 antherarum
1449 367 1589 407 antice
1630 367 1884 421 rotundam,
1930 379 2036 420 ponc

440 441 733 494 „emarginata
760 440 1017 482 subbicorni.
1077 441 1257 482 Strobili
1287 441 1330 482 in
1358 441 1491 483 ramis
1519 442 1677 483 adultis
1705 442 1923 497 axillares,
1955 455 2036 483 non

438 517 690 570 „aggregati
712 523 757 558 ut
776 517 818 557 in
839 516 1064 572 affinibus,
1091 530 1259 571 semper
1279 518 1435 572 erecti,
1464 531 1647 573 squamae
1666 519 1863 572 pollicem
1881 518 2036 573 longae,

438 593 557 646 „basi
603 597 855 646 attenuatae‚
911 592 1030 647 quasi
1073 593 1387 646 pedunculatae‚
1437 608 1513 635 seu
1552 595 1694 648 potius
1733 594 2036 646 unguiculatae,

437 683 643 723 „superne
672 669 832 710 sensim
861 669 1073 722 dilatatae,
1111 669 1308 723 pollicem
1346 676 1388 711 et
1424 670 1539 711 ultra
1565 671 1701 726 latae,
1744 671 1925 724 repando
1961 683 2038 711 ro-

436 747 676 800 „tundatae.
746 747 952 786 Bracteae
995 746 1119 786 dorso
1158 760 1370 801 squamae
1396 747 1587 802 auritae,
1628 748 1720 788 basi
1758 747 1820 788 uti
1863 760 2038 802 squama

435 827 720 876 „attenuatae‚
750 823 775 863 4
792 822 931 862 lineas
959 827 1122 863 tantum
1150 823 1278 878 latae,
1307 823 1468 863 lamina
1494 824 1634 864 antice
1662 824 1919 876 triangulari
1940 836 2037 864 mu-

436 904 667 952 „cronata7
697 900 961 950 marginibus
989 900 1159 954 lacera,
1189 903 1359 941 reflexa.
1426 902 1579 941 Semen
1616 903 1642 942 4
1677 901 1814 942 lineas
1842 901 2037 954 longum3

435 977 531 1031 „ala
557 977 823 1027 triangulum
855 977 1072 1017 scalenum
1101 977 1219 1017 sistit
1250 978 1488 1032 inversum,
1517 979 1543 1018 4
1569 977 1706 1018 lineas
1734 978 1923 1032 longum,
1957 991 2037 1018 su-

435 1068 590 1107 „perne
620 1055 643 1095 6
671 1054 808 1094 lineas
837 1051 1013 1094 latu1n.“
1066 1054 1185 1094 Link
1213 1055 1240 1094 I.
1272 1067 1309 1094 c.

487 1154 864 1195 Nomenclaturam
905 1154 1169 1194 Linneanam
1209 1154 1252 1194 in
1290 1155 1441 1195 Abiete
1480 1159 1522 1195 et
1553 1155 1702 1207 picea,
1738 1156 2037 1208 praeeuntibus

436 1230 570 1271 Duroi
605 1235 647 1271 et
675 1230 792 1270 Link
820 1230 989 1270 tandem
1018 1230 1262 1284 repudiavi,
1299 1231 1526 1271 ridiculum
1555 1237 1708 1284 putans
1738 1236 1887 1272 contra
1915 1244 2038 1272 com-

436 1319 603 1347 munem
629 1307 761 1347 latine
781 1307 1039 1360 loquentium
1063 1319 1314 1347 consensum
1343 1307 1486 1358 magni
1506 1307 1591 1347 viri
1612 1319 1800 1347 errorem
1829 1306 2038 1360 pertinaci

437 1384 626 1424 stultitia
653 1383 763 1423 velle
794 1396 1063 1423 consecrare.
1128 1383 1289 1423 Addam
1320 1397 1422 1437 quae
1461 1385 1514 1424 N.
1543 1385 1636 1423 Jos.
1666 1383 1849 1438 Jacquin
1877 1388 1962 1436 pat.
1994 1383 2038 1424 in

436 1460 623 1500 herbarii
652 1459 718 1500 sui
747 1460 951 1500 schedula
979 1463 1075 1499 ante
1097 1459 1403 1513 quinquaginta
1432 1472 1565 1499 annos
1595 1460 1662 1500 his
1683 1460 1825 1500 verbis
1845 1460 2033 1500 notavit:

487 1565 715 1618 „Magnam
746 1563 1042 1603 confusionem
1072 1565 1179 1616 apud
1207 1577 1284 1604 nos
1312 1564 1480 1604 faciunt
1509 1564 1680 1604 nomina
1709 1564 1911 1617 Linnaei,
1942 1576 2036 1605 cum

437 1641 507 1694 „in
535 1641 697 1682 scholis
727 1642 952 1681 doceamur
980 1641 1175 1681 Abietem
1218 1655 1310 1681 esse
1341 1643 1538 1696 Tannen‚
1587 1647 1628 1681 et
1657 1642 1766 1682 hanc
1796 1642 1844 1681 P.
1867 1641 2038 1682 Piceam

436 1719 593 1773 „vulgo
623 1719 797 1758 'sannen
827 1718 1100 1771 appellemus.
1166 1719 1394 1758 Praeterea
1422 1732 1505 1758 non
1535 1731 1583 1758 ex
1611 1719 1716 1773 hac,
1759 1719 1833 1758 sed
1863 1732 1912 1759 ex
1931 1718 2038 1760 Pinu

436 1794 614 1846 „Abiete
650 1793 833 1834 Linnaei
873 1794 1010 1847 picem
1052 1794 1252 1848 eliciunt,
1298 1808 1348 1834 ex
1377 1794 1484 1834 Pinu
1521 1794 1648 1834 Picea
1688 1799 1828 1834 autem
1856 1795 2038 1835 Linnaei

437 1872 827 1926 „Terebinthinam
886 1872 1085 1924 Optarem
1114 1871 1285 1911 nomina
1313 1871 1398 1912 ista
1425 1872 1604 1926 mutari,
1645 1885 1696 1911 ne
1736 1885 1813 1912 nos
1841 1872 2039 1912 Botanici

437 1948 643 2002 „rusticis
671 1954 713 1990 et
732 1949 1006 1989 venatoribus
1034 1948 1206 1990 ridiculi
1225 1948 1458 2004 videamur,
1480 1950 1586 2004 quod
1614 1954 1657 1990 et
1684 1948 1788 1989 mihi
1810 1950 1902 1998 jam
1930 1962 2038 1990 con-

437 2021 608 2077 „tigit.“

753 2169 832 2218 12.
886 2169 1038 2217 Pnzus
1075 2181 1431 2216 CEPHALONICA
1465 2165 1616 2216 Endl.

398 2280 553 2332 Abies
578 2280 714 2331 foliis
742 2280 974 2331 distichis
992 2280 1274 2330 linearibus
1294 2280 1461 2345 planis
1482 2280 2038 2348 acuminato-pungen-

329 2363 467 2413 tibus
504 2364 684 2412 subtus
724 2362 1011 2428 argenteis,
1048 2355 1247 2411 strobili
1274 2361 1655 2410 subfusiformis
1693 2362 1915 2411 bracteis
1949 2379 2037 2411 ex-

331 2444 481 2493 sertis
506 2443 689 2492 lineari
715 2443 1019 2507 spathulatis
1048 2442 1331 2507 cuspidatis
1357 2442 1580 2500 reflexis,
1617 2444 1845 2507 squamis
1873 2460 1899 2492 e
1925 2444 2037 2493 basi

332 2530 553 2573 cuneata
577 2524 1126 2573 rotundato-dilatatis.

437 2645 568 2685 Abies
598 2644 871 2697 cephalonica
897 2644 1081 2683 Loudon
1107 2643 1302 2683 Arbon-et.
1332 2645 1446 2684 Brit.
1469 2644 1538 2684 IV.
1569 2645 1688 2686 2325.
1708 2643 1746 2696 Γ.
1767 2646 1886 2688 2235.
1915 2647 2033 2690 2236.

491 2721 636 2760 Pinet.
671 2721 873 2760 VVoburn.
906 2721 993 2761 119.
1025 2726 1051 2759 t.
1083 2721 1147 2761 42.
1205 2719 1322 2759 Link
1351 2722 1395 2760 ‘in
1425 2721 1611 2761 Limnen
1639 2722 1728 2762 XV.
1759 2723 1849 2765 529.

438 2797 570 2838 Abies
599 2797 799 2837 taxifolia
825 2797 950 2836 Hort.
982 2797 1194 2850 quorund.
1226 2809 1311 2836 non
1339 2797 1540 2849 Desfont.

437 2874 569 2915 Abies
597 2873 916 2913 Luscombeana
944 2873 1068 2913 Hort.
1102 2873 1228 2926 Arqu.

438 2949 568 2991 Picea
611 2949 884 3003 cephalonica
923 2949 1107 2990 Louclon
1147 2949 1385 3003 Encyczop.
1427 2949 1482 3001 of*
1507 2957 1622 2991 trees
1657 2953 1771 2994 1039.
1800 2951 1838 3004 Γ.
1872 2953 2037 2996 1940-

493 3027 607 3068 1946.

439 3101 569 3142 Pinus
599 3102 873 3155 cephalonica
897 3101 1027 3141 Endl.
1061 3100 1149 3141 Cat.
1180 3102 1304 3142 Ilort.
1343 3102 1514 3142 Vindob.
1539 3102 1574 3142 Ι.
1596 3103 1687 3145 218.
1745 3104 1930 3146 Antoine
1948 3104 2037 3145 00-

490 3178 577 3230 nif.
607 3179 668 3220 71.
701 3184 729 3218 t.
758 3179 824 3220 27.
853 3177 890 3229 Γ.
922 3179 959 3219 1.

420 3243 657 3308 ’Ἐλατος
693 3263 729 3296 s.
767 3260 1153 3310 κουκουναρια
1189 3259 1418 3313 Cephalon.
