<?xml version="1.0" encoding="UTF-8"?>
<!DOCTYPE html PUBLIC "-//W3C//DTD XHTML 1.0 Transitional//EN"
    "http://www.w3.org/TR/xhtml1/DTD/xhtml1-transitional.dtd">
<html xmlns="http://www.w3.org/1999/xhtml" xml:lang="en" lang="en">
 <head>
  <title>
</title>
<meta http-equiv="Content-Type" content="text/html;charset=utf-8" />
  <meta name='ocr-system' content='tesseract 3.04.00' />
  <meta name='ocr-capabilities' content='ocr_page ocr_carea ocr_par ocr_line ocrx_word'/>
</head>
<body>
  <div class='ocr_page' id='page_1' title='image "./synopsisconifera1847endl/synopsisconifera1847endl_0119.png"; bbox 0 0 2197 3649; ppageno 0'>
   <div class='ocr_carea' id='block_1_1' title="bbox 1009 205 1937 254">
    <p class='ocr_par' dir='ltr' id='par_1_1' title="bbox 1009 205 1937 254">
     <span class='ocr_line' id='line_1_1' title="bbox 1009 205 1937 254; baseline 0.003 -3"><span class='ocrx_word' id='word_1_1' title='bbox 1009 216 1173 251; x_wconf 62' lang='lat' dir='ltr'>Annis.</span> <span class='ocrx_word' id='word_1_2' title='bbox 1833 206 1858 254; x_wconf 86' lang='lat'>1</span> <span class='ocrx_word' id='word_1_3' title='bbox 1873 205 1898 254; x_wconf 86' lang='lat'>1</span> <span class='ocrx_word' id='word_1_4' title='bbox 1913 205 1937 253; x_wconf 87' lang='grc' dir='ltr'>Ι</span> 
     </span>
    </p>
   </div>
   <div class='ocr_carea' id='block_1_2' title="bbox 345 338 1957 1848">
    <p class='ocr_par' dir='ltr' id='par_1_2' title="bbox 345 338 1957 1848">
     <span class='ocr_line' id='line_1_2' title="bbox 348 338 1945 400; baseline -0.003 -15"><span class='ocrx_word' id='word_1_5' title='bbox 348 345 512 400; x_wconf 84' lang='lat' dir='ltr'>„paullo</span> <span class='ocrx_word' id='word_1_6' title='bbox 541 343 717 384; x_wconf 85' lang='lat' dir='ltr'>latiores</span> <span class='ocrx_word' id='word_1_7' title='bbox 747 353 869 397; x_wconf 86' lang='lat' dir='ltr'>quam</span> <span class='ocrx_word' id='word_1_8' title='bbox 898 340 1051 393; x_wconf 82' lang='lat' dir='ltr'>longae,</span> <span class='ocrx_word' id='word_1_9' title='bbox 1082 340 1123 380; x_wconf 92' lang='lat' dir='ltr'>in</span> <span class='ocrx_word' id='word_1_10' title='bbox 1151 339 1256 380; x_wconf 85' lang='lat' dir='ltr'>duas</span> <span class='ocrx_word' id='word_1_11' title='bbox 1285 342 1429 392; x_wconf 85' lang='lat' dir='ltr'>partes</span> <span class='ocrx_word' id='word_1_12' title='bbox 1457 350 1484 376; x_wconf 76' lang='lat' dir='ltr'>a</span> <span class='ocrx_word' id='word_1_13' title='bbox 1511 342 1632 378; x_wconf 84' lang='lat' dir='ltr'>costa</span> <span class='ocrx_word' id='word_1_14' title='bbox 1659 338 1797 379; x_wconf 88' lang='lat' dir='ltr'>media</span> <span class='ocrx_word' id='word_1_15' title='bbox 1823 338 1945 380; x_wconf 87' lang='lat' dir='ltr'>valde</span> 
     </span>
     <span class='ocr_line' id='line_1_3' title="bbox 348 413 1946 475; baseline -0.004 -14"><span class='ocrx_word' id='word_1_16' title='bbox 348 419 628 475; x_wconf 80' lang='lat' dir='ltr'>„prominula,</span> <span class='ocrx_word' id='word_1_17' title='bbox 657 418 710 459; x_wconf 85' lang='lat' dir='ltr'>ad</span> <span class='ocrx_word' id='word_1_18' title='bbox 738 418 901 471; x_wconf 81' lang='lat' dir='ltr'><strong>apicem</strong></span> <span class='ocrx_word' id='word_1_19' title='bbox 930 429 1060 471; x_wconf 91' lang='lat' dir='ltr'>usque</span> <span class='ocrx_word' id='word_1_20' title='bbox 1089 428 1172 456; x_wconf 90' lang='lat' dir='ltr'>non</span> <span class='ocrx_word' id='word_1_21' title='bbox 1197 419 1394 469; x_wconf 86' lang='lat' dir='ltr'>porrecta</span> <span class='ocrx_word' id='word_1_22' title='bbox 1412 413 1524 454; x_wconf 85' lang='lat' dir='ltr'>facie</span> <span class='ocrx_word' id='word_1_23' title='bbox 1543 413 1763 466; x_wconf 82' lang='lat' dir='ltr'>superiore</span> <span class='ocrx_word' id='word_1_24' title='bbox 1783 414 1946 469; x_wconf 84' lang='lat' dir='ltr'>divisae,</span> 
     </span>
     <span class='ocr_line' id='line_1_4' title="bbox 347 489 1947 549; baseline -0.004 -12"><span class='ocrx_word' id='word_1_25' title='bbox 347 497 519 549; x_wconf 85' lang='lat' dir='ltr'>„eodem</span> <span class='ocrx_word' id='word_1_26' title='bbox 560 495 695 535; x_wconf 81' lang='lat' dir='ltr'>latere</span> <span class='ocrx_word' id='word_1_27' title='bbox 735 493 854 534; x_wconf 87' lang='lat' dir='ltr'>circa</span> <span class='ocrx_word' id='word_1_28' title='bbox 891 492 1128 542; x_wconf 80' lang='lat' dir='ltr'>marginem</span> <span class='ocrx_word' id='word_1_29' title='bbox 1167 495 1210 531; x_wconf 91' lang='lat' dir='ltr'>et</span> <span class='ocrx_word' id='word_1_30' title='bbox 1238 490 1430 541; x_wconf 79' lang='lat' dir='ltr'>margine</span> <span class='ocrx_word' id='word_1_31' title='bbox 1463 489 1554 542; x_wconf 86' lang='lat' dir='ltr'>ipso</span> <span class='ocrx_word' id='word_1_32' title='bbox 1583 489 1789 542; x_wconf 86' lang='lat' dir='ltr'>papilloso</span> <span class='ocrx_word' id='word_1_33' title='bbox 1819 490 1947 531; x_wconf 86' lang='lat' dir='ltr'>cilia-</span> 
     </span>
     <span class='ocr_line' id='line_1_5' title="bbox 345 565 1946 628; baseline -0.004 -14"><span class='ocrx_word' id='word_1_34' title='bbox 345 572 496 628; x_wconf 85' lang='lat' dir='ltr'>„tulae,</span> <span class='ocrx_word' id='word_1_35' title='bbox 544 584 619 624; x_wconf 87' lang='lat' dir='ltr'>per</span> <span class='ocrx_word' id='word_1_36' title='bbox 659 574 794 611; x_wconf 89' lang='lat' dir='ltr'>totam</span> <span class='ocrx_word' id='word_1_37' title='bbox 831 567 989 609; x_wconf 85' lang='lat' dir='ltr'>faciem</span> <span class='ocrx_word' id='word_1_38' title='bbox 1028 566 1280 608; x_wconf 82' lang='lat' dir='ltr'>inferiorem</span> <span class='ocrx_word' id='word_1_39' title='bbox 1318 565 1446 606; x_wconf 89' lang='lat' dir='ltr'>etiam</span> <span class='ocrx_word' id='word_1_40' title='bbox 1485 565 1676 606; x_wconf 87' lang='lat' dir='ltr'>breviter</span> <span class='ocrx_word' id='word_1_41' title='bbox 1715 565 1946 619; x_wconf 83' lang='lat' dir='ltr'>papillosae.</span> 
     </span>
     <span class='ocr_line' id='line_1_6' title="bbox 345 641 1949 701; baseline -0.004 -12"><span class='ocrx_word' id='word_1_42' title='bbox 345 647 648 701; x_wconf 85' lang='lat' dir='ltr'>„Perigonium</span> <span class='ocrx_word' id='word_1_43' title='bbox 684 646 903 700; x_wconf 91' lang='lat' dir='ltr'>utriusque</span> <span class='ocrx_word' id='word_1_44' title='bbox 949 643 1069 684; x_wconf 85' lang='lat' dir='ltr'>floris</span> <span class='ocrx_word' id='word_1_45' title='bbox 1117 647 1164 683; x_wconf 94' lang='lat' dir='ltr'>ut</span> <span class='ocrx_word' id='word_1_46' title='bbox 1200 642 1243 682; x_wconf 89' lang='lat' dir='ltr'>in</span> <span class='ocrx_word' id='word_1_47' title='bbox 1298 655 1454 693; x_wconf 81' lang='lat' dir='ltr'>genere</span> <span class='ocrx_word' id='word_1_48' title='bbox 1500 641 1665 694; x_wconf 89' lang='lat' dir='ltr'>postice</span> <span class='ocrx_word' id='word_1_49' title='bbox 1709 642 1949 695; x_wconf 77' lang='lat' dir='ltr'><strong>porrigitur</strong></span> 
     </span>
     <span class='ocr_line' id='line_1_7' title="bbox 346 718 1949 779; baseline -0.003 -14"><span class='ocrx_word' id='word_1_50' title='bbox 346 724 418 779; x_wconf 86' lang='lat' dir='ltr'>„in</span> <span class='ocrx_word' id='word_1_51' title='bbox 454 723 767 765; x_wconf 87' lang='lat' dir='ltr'>infundibulum</span> <span class='ocrx_word' id='word_1_52' title='bbox 803 720 1155 771; x_wconf 87' lang='lat' dir='ltr'>subbilabiatum‚</span> <span class='ocrx_word' id='word_1_53' title='bbox 1193 731 1319 760; x_wconf 88' lang='lat' dir='ltr'>secus</span> <span class='ocrx_word' id='word_1_54' title='bbox 1362 718 1473 758; x_wconf 84' lang='lat' dir='ltr'>axim</span> <span class='ocrx_word' id='word_1_55' title='bbox 1506 718 1654 771; x_wconf 89' lang='lat' dir='ltr'>hians,</span> <span class='ocrx_word' id='word_1_56' title='bbox 1694 718 1821 760; x_wconf 87' lang='lat' dir='ltr'>labiis</span> <span class='ocrx_word' id='word_1_57' title='bbox 1851 732 1949 760; x_wconf 90' lang='lat' dir='ltr'>cre-</span> 
     </span>
     <span class='ocr_line' id='line_1_8' title="bbox 348 795 1951 856; baseline -0.002 -14"><span class='ocrx_word' id='word_1_58' title='bbox 348 801 510 856; x_wconf 84' lang='lat' dir='ltr'>„natis,</span> <span class='ocrx_word' id='word_1_59' title='bbox 541 800 759 854; x_wconf 86' lang='lat' dir='ltr'>superiore</span> <span class='ocrx_word' id='word_1_60' title='bbox 789 800 842 839; x_wconf 89' lang='lat' dir='ltr'>ad</span> <span class='ocrx_word' id='word_1_61' title='bbox 869 810 1047 839; x_wconf 91' lang='lat' dir='ltr'>nervum</span> <span class='ocrx_word' id='word_1_62' title='bbox 1076 796 1257 837; x_wconf 88' lang='lat' dir='ltr'>medium</span> <span class='ocrx_word' id='word_1_63' title='bbox 1285 795 1526 836; x_wconf 81' lang='lat' dir='ltr'>lateraliter</span> <span class='ocrx_word' id='word_1_64' title='bbox 1554 796 1765 847; x_wconf 87' lang='lat' dir='ltr'>elongato.</span> <span class='ocrx_word' id='word_1_65' title='bbox 1822 799 1951 839; x_wconf 82' lang='lat' dir='ltr'>Stro-</span> 
     </span>
     <span class='ocr_line' id='line_1_9' title="bbox 349 871 1952 930; baseline -0.002 -13"><span class='ocrx_word' id='word_1_66' title='bbox 349 877 452 929; x_wconf 89' lang='lat' dir='ltr'>„bili</span> <span class='ocrx_word' id='word_1_67' title='bbox 480 890 591 930; x_wconf 86' lang='lat' dir='ltr'>saepe</span> <span class='ocrx_word' id='word_1_68' title='bbox 619 874 924 930; x_wconf 85' lang='lat' dir='ltr'>approximati,</span> <span class='ocrx_word' id='word_1_69' title='bbox 954 873 1113 928; x_wconf 89' lang='lat' dir='ltr'>erecti,</span> <span class='ocrx_word' id='word_1_70' title='bbox 1143 871 1342 926; x_wconf 87' lang='lat' dir='ltr'>sessiles,</span> <span class='ocrx_word' id='word_1_71' title='bbox 1383 871 1842 928; x_wconf 88' lang='lat' dir='ltr'>cylindrico-ovoidei,</span> <span class='ocrx_word' id='word_1_72' title='bbox 1873 873 1952 914; x_wconf 94' lang='lat' dir='ltr'>ob-</span> 
     </span>
     <span class='ocr_line' id='line_1_10' title="bbox 348 947 1951 1008; baseline -0.002 -14"><span class='ocrx_word' id='word_1_73' title='bbox 348 954 485 1008; x_wconf 85' lang='lat' dir='ltr'>„tusi,</span> <span class='ocrx_word' id='word_1_74' title='bbox 515 966 626 1006; x_wconf 85' lang='lat' dir='ltr'>saepe</span> <span class='ocrx_word' id='word_1_75' title='bbox 664 952 854 992; x_wconf 81' lang='lat' dir='ltr'>breviter</span> <span class='ocrx_word' id='word_1_76' title='bbox 888 949 1128 1004; x_wconf 88' lang='lat' dir='ltr'>umbonati,</span> <span class='ocrx_word' id='word_1_77' title='bbox 1167 949 1223 988; x_wconf 91' lang='lat' dir='ltr'>iis</span> <span class='ocrx_word' id='word_1_78' title='bbox 1252 949 1299 988; x_wconf 87' lang='lat' dir='ltr'>P.</span> <span class='ocrx_word' id='word_1_79' title='bbox 1329 948 1467 988; x_wconf 78' lang='lat' dir='ltr'>Piceae</span> <span class='ocrx_word' id='word_1_80' title='bbox 1496 947 1568 988; x_wconf 79' lang='lat' dir='ltr'>vix</span> <span class='ocrx_word' id='word_1_81' title='bbox 1593 948 1835 1003; x_wconf 81' lang='lat' dir='ltr'>longiores,</span> <span class='ocrx_word' id='word_1_82' title='bbox 1878 950 1951 990; x_wconf 85' lang='lat' dir='ltr'>sed</span> 
     </span>
     <span class='ocr_line' id='line_1_11' title="bbox 346 1024 1952 1084; baseline -0.004 -12"><span class='ocrx_word' id='word_1_83' title='bbox 346 1030 626 1084; x_wconf 87' lang='lat' dir='ltr'>„crassiores.</span> <span class='ocrx_word' id='word_1_84' title='bbox 669 1030 862 1084; x_wconf 81' lang='lat' dir='ltr'>Squamae</span> <span class='ocrx_word' id='word_1_85' title='bbox 884 1026 1143 1080; x_wconf 87' lang='lat' dir='ltr'>carpellares</span> <span class='ocrx_word' id='word_1_86' title='bbox 1163 1024 1545 1078; x_wconf 85' lang='lat' dir='ltr'>subtriangulares,</span> <span class='ocrx_word' id='word_1_87' title='bbox 1566 1024 1685 1077; x_wconf 89' lang='lat' dir='ltr'>apice</span> <span class='ocrx_word' id='word_1_88' title='bbox 1707 1025 1952 1067; x_wconf 79' lang='lat' dir='ltr'>obtussimae</span> 
     </span>
     <span class='ocr_line' id='line_1_12' title="bbox 349 1101 1952 1161; baseline -0.002 -14"><span class='ocrx_word' id='word_1_89' title='bbox 349 1112 418 1159; x_wconf 88' lang='lat' dir='ltr'>„et</span> <span class='ocrx_word' id='word_1_90' title='bbox 445 1107 715 1161; x_wconf 89' lang='lat' dir='ltr'>rotundatae,</span> <span class='ocrx_word' id='word_1_91' title='bbox 744 1104 1030 1145; x_wconf 86' lang='lat' dir='ltr'>maturatione</span> <span class='ocrx_word' id='word_1_92' title='bbox 1058 1102 1267 1144; x_wconf 89' lang='lat' dir='ltr'>seminum</span> <span class='ocrx_word' id='word_1_93' title='bbox 1297 1114 1392 1142; x_wconf 91' lang='lat' dir='ltr'>cum</span> <span class='ocrx_word' id='word_1_94' title='bbox 1422 1101 1477 1141; x_wconf 92' lang='lat' dir='ltr'>iis</span> <span class='ocrx_word' id='word_1_95' title='bbox 1498 1101 1712 1142; x_wconf 86' lang='lat' dir='ltr'>deciduae.</span> <span class='ocrx_word' id='word_1_96' title='bbox 1743 1103 1952 1157; x_wconf 86' lang='lat' dir='ltr'>Squamae</span> 
     </span>
     <span class='ocr_line' id='line_1_13' title="bbox 349 1167 1952 1235; baseline -0.004 -11"><span class='ocrx_word' id='word_1_97' title='bbox 349 1183 666 1235; x_wconf 86' lang='lat' dir='ltr'>„bracteolares</span> <span class='ocrx_word' id='word_1_98' title='bbox 687 1183 738 1222; x_wconf 80' lang='lat' dir='ltr'>ad</span> <span class='ocrx_word' id='word_1_99' title='bbox 758 1193 902 1221; x_wconf 89' lang='lat' dir='ltr'>earum</span> <span class='ocrx_word' id='word_1_100' title='bbox 930 1179 1065 1219; x_wconf 90' lang='lat' dir='ltr'>basim</span> <span class='ocrx_word' id='word_1_101' title='bbox 1095 1167 1349 1218; x_wconf 79' lang='lat' dir='ltr'>exteriorem</span> <span class='ocrx_word' id='word_1_102' title='bbox 1377 1177 1501 1230; x_wconf 86' lang='lat' dir='ltr'>sitae,</span> <span class='ocrx_word' id='word_1_103' title='bbox 1536 1189 1631 1217; x_wconf 87' lang='lat' dir='ltr'>cum</span> <span class='ocrx_word' id='word_1_104' title='bbox 1660 1177 1722 1217; x_wconf 91' lang='lat' dir='ltr'>eis</span> <span class='ocrx_word' id='word_1_105' title='bbox 1754 1178 1952 1223; x_wconf 82' lang='lat' dir='ltr'>coalitae.</span> 
     </span>
     <span class='ocr_line' id='line_1_14' title="bbox 352 1254 1953 1312; baseline -0.002 -13"><span class='ocrx_word' id='word_1_106' title='bbox 352 1264 552 1312; x_wconf 86' lang='lat' dir='ltr'>„ovatae,</span> <span class='ocrx_word' id='word_1_107' title='bbox 586 1258 903 1311; x_wconf 83' lang='lat' dir='ltr'>emarginatae,</span> <span class='ocrx_word' id='word_1_108' title='bbox 933 1255 1124 1296; x_wconf 86' lang='lat' dir='ltr'>breviter</span> <span class='ocrx_word' id='word_1_109' title='bbox 1152 1258 1427 1294; x_wconf 88' lang='lat' dir='ltr'>mucronatae</span> <span class='ocrx_word' id='word_1_110' title='bbox 1455 1258 1497 1293; x_wconf 91' lang='lat' dir='ltr'>et</span> <span class='ocrx_word' id='word_1_111' title='bbox 1524 1266 1699 1307; x_wconf 87' lang='lat' dir='ltr'>squama</span> <span class='ocrx_word' id='word_1_112' title='bbox 1726 1254 1953 1307; x_wconf 88' lang='lat' dir='ltr'>carpellari</span> 
     </span>
     <span class='ocr_line' id='line_1_15' title="bbox 349 1330 1954 1390; baseline -0.002 -15"><span class='ocrx_word' id='word_1_113' title='bbox 349 1335 592 1390; x_wconf 86' lang='lat' dir='ltr'>„quintuplo</span> <span class='ocrx_word' id='word_1_114' title='bbox 622 1348 697 1375; x_wconf 91' lang='lat' dir='ltr'>seu</span> <span class='ocrx_word' id='word_1_115' title='bbox 723 1333 915 1386; x_wconf 87' lang='lat' dir='ltr'>sextuplo</span> <span class='ocrx_word' id='word_1_116' title='bbox 942 1332 1177 1372; x_wconf 90' lang='lat' dir='ltr'>breviores.</span> <span class='ocrx_word' id='word_1_117' title='bbox 1221 1330 1328 1370; x_wconf 90' lang='lat' dir='ltr'>Alae</span> <span class='ocrx_word' id='word_1_118' title='bbox 1358 1330 1566 1370; x_wconf 89' lang='lat' dir='ltr'>seminum</span> <span class='ocrx_word' id='word_1_119' title='bbox 1593 1330 1954 1386; x_wconf 78' lang='lat' dir='ltr'>membranaceae,</span> 
     </span>
     <span class='ocr_line' id='line_1_16' title="bbox 349 1406 1954 1465; baseline -0.002 -14"><span class='ocrx_word' id='word_1_120' title='bbox 349 1411 718 1465; x_wconf 88' lang='lat' dir='ltr'>„subpellucidae,</span> <span class='ocrx_word' id='word_1_121' title='bbox 756 1410 950 1461; x_wconf 78' lang='lat' dir='ltr'>margine</span> <span class='ocrx_word' id='word_1_122' title='bbox 980 1409 1282 1460; x_wconf 82' lang='lat' dir='ltr'>subcrenatae,</span> <span class='ocrx_word' id='word_1_123' title='bbox 1310 1406 1578 1457; x_wconf 79' lang='lat' dir='ltr'>longitudine</span> <span class='ocrx_word' id='word_1_124' title='bbox 1607 1419 1823 1460; x_wconf 88' lang='lat' dir='ltr'>squamam</span> <span class='ocrx_word' id='word_1_125' title='bbox 1853 1420 1954 1448; x_wconf 88' lang='lat' dir='ltr'>car-</span> 
     </span>
     <span class='ocr_line' id='line_1_17' title="bbox 350 1483 1955 1542; baseline -0.001 -14"><span class='ocrx_word' id='word_1_126' title='bbox 350 1488 580 1542; x_wconf 84' lang='lat' dir='ltr'>„pellarem</span> <span class='ocrx_word' id='word_1_127' title='bbox 615 1488 948 1541; x_wconf 83' lang='lat' dir='ltr'>subaequantes,</span> <span class='ocrx_word' id='word_1_128' title='bbox 993 1499 1136 1526; x_wconf 89' lang='lat' dir='ltr'>semen</span> <span class='ocrx_word' id='word_1_129' title='bbox 1165 1483 1431 1535; x_wconf 79' lang='lat' dir='ltr'>marginibus</span> <span class='ocrx_word' id='word_1_130' title='bbox 1468 1483 1677 1524; x_wconf 86' lang='lat' dir='ltr'>revolutis</span> <span class='ocrx_word' id='word_1_131' title='bbox 1708 1485 1856 1525; x_wconf 88' lang='lat' dir='ltr'>subtus</span> <span class='ocrx_word' id='word_1_132' title='bbox 1884 1485 1955 1526; x_wconf 91' lang='lat' dir='ltr'>in-</span> 
     </span>
     <span class='ocr_line' id='line_1_18' title="bbox 345 1560 1955 1619; baseline -0.001 -14"><span class='ocrx_word' id='word_1_133' title='bbox 345 1565 606 1619; x_wconf 83' lang='lat' dir='ltr'>„volventes.</span> <span class='ocrx_word' id='word_1_134' title='bbox 663 1565 910 1604; x_wconf 85' lang='lat' dir='ltr'>Membrana</span> <span class='ocrx_word' id='word_1_135' title='bbox 936 1563 1112 1604; x_wconf 90' lang='lat' dir='ltr'>seminis</span> <span class='ocrx_word' id='word_1_136' title='bbox 1142 1575 1163 1602; x_wconf 93' lang='lat' dir='ltr'>e</span> <span class='ocrx_word' id='word_1_137' title='bbox 1191 1560 1431 1615; x_wconf 88' lang='lat' dir='ltr'>pericarpio</span> <span class='ocrx_word' id='word_1_138' title='bbox 1469 1565 1512 1601; x_wconf 88' lang='lat' dir='ltr'>et</span> <span class='ocrx_word' id='word_1_139' title='bbox 1554 1560 1805 1614; x_wconf 89' lang='lat' dir='ltr'>epispermio</span> <span class='ocrx_word' id='word_1_140' title='bbox 1849 1574 1955 1603; x_wconf 90' lang='lat' dir='ltr'>coa-</span> 
     </span>
     <span class='ocr_line' id='line_1_19' title="bbox 349 1637 1955 1696; baseline -0.001 -14"><span class='ocrx_word' id='word_1_141' title='bbox 349 1642 468 1695; x_wconf 86' lang='lat' dir='ltr'>„litis</span> <span class='ocrx_word' id='word_1_142' title='bbox 488 1643 691 1696; x_wconf 83' lang='lat' dir='ltr'>formata,</span> <span class='ocrx_word' id='word_1_143' title='bbox 714 1641 933 1696; x_wconf 84' lang='lat' dir='ltr'>coriacea,</span> <span class='ocrx_word' id='word_1_144' title='bbox 962 1641 1136 1694; x_wconf 87' lang='lat' dir='ltr'>brunea,</span> <span class='ocrx_word' id='word_1_145' title='bbox 1156 1637 1361 1679; x_wconf 88' lang='lat' dir='ltr'>vesiculis</span> <span class='ocrx_word' id='word_1_146' title='bbox 1382 1637 1465 1678; x_wconf 89' lang='lat' dir='ltr'>olei</span> <span class='ocrx_word' id='word_1_147' title='bbox 1484 1638 1775 1679; x_wconf 83' lang='lat' dir='ltr'>suaveolentis</span> <span class='ocrx_word' id='word_1_148' title='bbox 1795 1639 1955 1680; x_wconf 88' lang='lat' dir='ltr'>abunde</span> 
     </span>
     <span class='ocr_line' id='line_1_20' title="bbox 351 1713 1957 1772; baseline -0.002 -13"><span class='ocrx_word' id='word_1_149' title='bbox 351 1722 506 1771; x_wconf 65' lang='lat' dir='ltr'>„tecta</span> <span class='ocrx_word' id='word_1_150' title='bbox 554 1718 764 1758; x_wconf 85' lang='lat' dir='ltr'>Albumen</span> <span class='ocrx_word' id='word_1_151' title='bbox 793 1717 954 1772; x_wconf 88' lang='lat' dir='ltr'>album,</span> <span class='ocrx_word' id='word_1_152' title='bbox 991 1716 1244 1757; x_wconf 85' lang='lat' dir='ltr'>farinosum.</span> <span class='ocrx_word' id='word_1_153' title='bbox 1291 1714 1480 1766; x_wconf 75' lang='lat' dir='ltr'>Embryo</span> <span class='ocrx_word' id='word_1_154' title='bbox 1510 1713 1729 1755; x_wconf 88' lang='lat' dir='ltr'>centralis.</span> <span class='ocrx_word' id='word_1_155' title='bbox 1777 1714 1957 1769; x_wconf 79' lang='lat' dir='ltr'>Cotyle-</span> 
     </span>
     <span class='ocr_line' id='line_1_21' title="bbox 350 1791 1182 1848; baseline -0.002 -14"><span class='ocrx_word' id='word_1_156' title='bbox 350 1795 506 1848; x_wconf 87' lang='lat' dir='ltr'>„dones</span> <span class='ocrx_word' id='word_1_157' title='bbox 535 1792 738 1848; x_wconf 73' lang='lat' dir='ltr'>septem.“</span> <span class='ocrx_word' id='word_1_158' title='bbox 794 1791 1026 1845; x_wconf 71' lang='lat' dir='ltr'>(Boissier</span> <span class='ocrx_word' id='word_1_159' title='bbox 1053 1793 1082 1833; x_wconf 89' lang='lat' dir='ltr'>I.</span> <span class='ocrx_word' id='word_1_160' title='bbox 1113 1791 1182 1843; x_wconf 84' lang='lat' dir='ltr'>c.)</span> 
     </span>
    </p>
   </div>
   <div class='ocr_carea' id='block_1_3' title="bbox 902 1935 1301 2002">
    <p class='ocr_par' dir='ltr' id='par_1_3' title="bbox 902 1935 1301 2002">
     <span class='ocr_line' id='line_1_22' title="bbox 902 1935 1301 2002; baseline -0.003 -16"><span class='ocrx_word' id='word_1_161' title='bbox 902 1935 1092 2002; x_wconf 78' lang='lat' dir='ltr'>Species</span> <span class='ocrx_word' id='word_1_162' title='bbox 1136 1936 1301 1985; x_wconf 81' lang='lat' dir='ltr'>dubia.</span> 
     </span>
    </p>
   </div>
   <div class='ocr_carea' id='block_1_4' title="bbox 645 2100 1546 2166">
    <p class='ocr_par' dir='ltr' id='par_1_4' title="bbox 645 2100 1546 2166">
     <span class='ocr_line' id='line_1_23' title="bbox 645 2100 1546 2166; baseline -0.001 -16"><span class='ocrx_word' id='word_1_163' title='bbox 645 2101 725 2150; x_wconf 62' lang='lat'>24.</span> <span class='ocrx_word' id='word_1_164' title='bbox 780 2102 931 2150; x_wconf 68' lang='lat' dir='ltr'>Pmns</span> <span class='ocrx_word' id='word_1_165' title='bbox 967 2101 1354 2155; x_wconf 73' lang='lat' dir='ltr'>MERTENSIANA,</span> <span class='ocrx_word' id='word_1_166' title='bbox 1383 2100 1546 2166; x_wconf 88' lang='lat' dir='ltr'>Bong.</span> 
     </span>
    </p>
   </div>
   <div class='ocr_carea' id='block_1_5' title="bbox 247 2213 1957 2446">
    <p class='ocr_par' dir='ltr' id='par_1_5' title="bbox 247 2213 1957 2446">
     <span class='ocr_line' id='line_1_24' title="bbox 315 2213 1956 2280; baseline -0.001 -14"><span class='ocrx_word' id='word_1_167' title='bbox 315 2217 471 2266; x_wconf 87' lang='lat' dir='ltr'>Abies</span> <span class='ocrx_word' id='word_1_168' title='bbox 514 2215 649 2265; x_wconf 88' lang='lat' dir='ltr'>foliis</span> <span class='ocrx_word' id='word_1_169' title='bbox 696 2214 981 2264; x_wconf 85' lang='lat' dir='ltr'>linearibus</span> <span class='ocrx_word' id='word_1_170' title='bbox 1031 2213 1399 2263; x_wconf 84' lang='lat' dir='ltr'>obtusiusculis</span> <span class='ocrx_word' id='word_1_171' title='bbox 1445 2214 1558 2262; x_wconf 85' lang='lat' dir='ltr'>basi</span> <span class='ocrx_word' id='word_1_172' title='bbox 1605 2215 1658 2263; x_wconf 88' lang='lat' dir='ltr'>in</span> <span class='ocrx_word' id='word_1_173' title='bbox 1705 2215 1956 2280; x_wconf 90' lang='lat' dir='ltr'>petiolum</span> 
     </span>
     <span class='ocr_line' id='line_1_25' title="bbox 250 2294 1957 2363; baseline -0.001 -15"><span class='ocrx_word' id='word_1_174' title='bbox 250 2298 525 2348; x_wconf 82' lang='lat' dir='ltr'>attenuatis</span> <span class='ocrx_word' id='word_1_175' title='bbox 561 2296 938 2363; x_wconf 84' lang='lat' dir='ltr'>integerrimis,</span> <span class='ocrx_word' id='word_1_176' title='bbox 975 2294 1174 2344; x_wconf 85' lang='lat' dir='ltr'>strobili</span> <span class='ocrx_word' id='word_1_177' title='bbox 1210 2294 1437 2359; x_wconf 83' lang='lat' dir='ltr'>squamis</span> <span class='ocrx_word' id='word_1_178' title='bbox 1472 2294 1838 2346; x_wconf 87' lang='lat' dir='ltr'>reniformihus</span> <span class='ocrx_word' id='word_1_179' title='bbox 1880 2297 1957 2346; x_wconf 89' lang='lat' dir='ltr'>in-</span> 
     </span>
     <span class='ocr_line' id='line_1_26' title="bbox 247 2380 424 2446; baseline -0.011 -16"><span class='ocrx_word' id='word_1_180' title='bbox 247 2380 424 2446; x_wconf 86' lang='lat' dir='ltr'>tegris.</span> 
     </span>
    </p>
   </div>
   <div class='ocr_carea' id='block_1_6' title="bbox 355 2497 1957 2619">
    <p class='ocr_par' dir='ltr' id='par_1_6' title="bbox 355 2497 1957 2619">
     <span class='ocr_line' id='line_1_27' title="bbox 355 2497 1957 2552; baseline 0 -10"><span class='ocrx_word' id='word_1_181' title='bbox 355 2501 487 2542; x_wconf 91' lang='lat' dir='ltr'>Pinus</span> <span class='ocrx_word' id='word_1_182' title='bbox 506 2499 801 2540; x_wconf 87' lang='lat' dir='ltr'>Mertensiana</span> <span class='ocrx_word' id='word_1_183' title='bbox 817 2498 1030 2551; x_wconf 71' lang='lat' dir='ltr'>Bonyard</span> <span class='ocrx_word' id='word_1_184' title='bbox 1055 2498 1152 2552; x_wconf 73' lang='lat' dir='ltr'>Vey.</span> <span class='ocrx_word' id='word_1_185' title='bbox 1175 2497 1313 2538; x_wconf 66' lang='lat' dir='ltr'>Sirok.</span> <span class='ocrx_word' id='word_1_186' title='bbox 1334 2498 1383 2537; x_wconf 82' lang='lat' dir='ltr'>in</span> <span class='ocrx_word' id='word_1_187' title='bbox 1404 2497 1531 2538; x_wconf 82' lang='lat' dir='ltr'>Mem.</span> <span class='ocrx_word' id='word_1_188' title='bbox 1554 2497 1757 2540; x_wconf 79' lang='lat' dir='ltr'>Academ.</span> <span class='ocrx_word' id='word_1_189' title='bbox 1779 2500 1846 2541; x_wconf 76' lang='lat' dir='ltr'>St.</span> <span class='ocrx_word' id='word_1_190' title='bbox 1866 2501 1957 2542; x_wconf 82' lang='lat' dir='ltr'>Pe-</span> 
     </span>
     <span class='ocr_line' id='line_1_28' title="bbox 410 2575 987 2619; baseline -0.005 -1"><span class='ocrx_word' id='word_1_191' title='bbox 410 2578 539 2619; x_wconf 79' lang='lat' dir='ltr'>tersb.</span> <span class='ocrx_word' id='word_1_192' title='bbox 577 2577 646 2617; x_wconf 94' lang='lat' dir='ltr'>VI.</span> <span class='ocrx_word' id='word_1_193' title='bbox 675 2576 774 2617; x_wconf 80' lang='lat' dir='ltr'>Ser.</span> <span class='ocrx_word' id='word_1_194' title='bbox 804 2575 865 2616; x_wconf 88' lang='lat' dir='ltr'>ll.</span> <span class='ocrx_word' id='word_1_195' title='bbox 898 2576 987 2617; x_wconf 83' lang='lat'><strong>163.</strong></span> 
     </span>
    </p>
   </div>
   <div class='ocr_carea' id='block_1_7' title="bbox 321 2687 1038 2741">
    <p class='ocr_par' dir='ltr' id='par_1_7' title="bbox 321 2687 1038 2741">
     <span class='ocr_line' id='line_1_29' title="bbox 321 2687 1038 2741; baseline -0.007 0"><span class='ocrx_word' id='word_1_196' title='bbox 321 2691 530 2741; x_wconf 78' lang='lat' dir='ltr'>Habitat</span> <span class='ocrx_word' id='word_1_197' title='bbox 564 2691 617 2739; x_wconf 76' lang='lat' dir='ltr'>in</span> <span class='ocrx_word' id='word_1_198' title='bbox 653 2691 812 2738; x_wconf 77' lang='lat' dir='ltr'>insula</span> <span class='ocrx_word' id='word_1_199' title='bbox 850 2687 1038 2737; x_wconf 77' lang='lat' dir='ltr'>Sitcha.</span> 
     </span>
    </p>
   </div>
   <div class='ocr_carea' id='block_1_8' title="bbox 358 2797 1959 3312">
    <p class='ocr_par' dir='ltr' id='par_1_8' title="bbox 358 2797 1959 3312">
     <span class='ocr_line' id='line_1_30' title="bbox 409 2797 1958 2856; baseline 0 -13"><span class='ocrx_word' id='word_1_200' title='bbox 409 2801 771 2856; x_wconf 84' lang='lat' dir='ltr'>„Ramosissima,</span> <span class='ocrx_word' id='word_1_201' title='bbox 807 2799 916 2840; x_wconf 90' lang='lat' dir='ltr'>rami</span> <span class='ocrx_word' id='word_1_202' title='bbox 952 2798 1188 2853; x_wconf 86' lang='lat' dir='ltr'>ramulique</span> <span class='ocrx_word' id='word_1_203' title='bbox 1227 2797 1411 2851; x_wconf 86' lang='lat' dir='ltr'>delapsis</span> <span class='ocrx_word' id='word_1_204' title='bbox 1445 2798 1565 2839; x_wconf 87' lang='lat' dir='ltr'>foliis</span> <span class='ocrx_word' id='word_1_205' title='bbox 1593 2799 1715 2841; x_wconf 86' lang='lat' dir='ltr'>valde</span> <span class='ocrx_word' id='word_1_206' title='bbox 1752 2801 1958 2843; x_wconf 88' lang='lat' dir='ltr'>tubercu-</span> 
     </span>
     <span class='ocr_line' id='line_1_31' title="bbox 358 2875 1958 2933; baseline -0.001 -13"><span class='ocrx_word' id='word_1_207' title='bbox 358 2879 483 2933; x_wconf 89' lang='lat' dir='ltr'>„losi.</span> <span class='ocrx_word' id='word_1_208' title='bbox 540 2879 665 2919; x_wconf 90' lang='lat' dir='ltr'>Folia</span> <span class='ocrx_word' id='word_1_209' title='bbox 701 2877 922 2931; x_wconf 88' lang='lat' dir='ltr'>solitaria,</span> <span class='ocrx_word' id='word_1_210' title='bbox 962 2875 1277 2929; x_wconf 82' lang='lat' dir='ltr'>approximata,</span> <span class='ocrx_word' id='word_1_211' title='bbox 1316 2875 1523 2930; x_wconf 77' lang='lat' dir='ltr'>linearia,</span> <span class='ocrx_word' id='word_1_212' title='bbox 1562 2876 1655 2917; x_wconf 88' lang='lat' dir='ltr'>basi</span> <span class='ocrx_word' id='word_1_213' title='bbox 1685 2877 1728 2917; x_wconf 93' lang='lat' dir='ltr'>in</span> <span class='ocrx_word' id='word_1_214' title='bbox 1756 2879 1958 2931; x_wconf 90' lang='lat' dir='ltr'>petiolum</span> 
     </span>
     <span class='ocr_line' id='line_1_32' title="bbox 361 2952 1957 3007; baseline 0.001 -12"><span class='ocrx_word' id='word_1_215' title='bbox 361 2956 596 3007; x_wconf 83' lang='lat' dir='ltr'>„minutum</span> <span class='ocrx_word' id='word_1_216' title='bbox 632 2959 877 3007; x_wconf 87' lang='lat' dir='ltr'>attenuata,</span> <span class='ocrx_word' id='word_1_217' title='bbox 922 2952 1238 3006; x_wconf 84' lang='lat' dir='ltr'>obtusiuscula,</span> <span class='ocrx_word' id='word_1_218' title='bbox 1280 2965 1410 3005; x_wconf 88' lang='lat' dir='ltr'>supra</span> <span class='ocrx_word' id='word_1_219' title='bbox 1449 2952 1598 3006; x_wconf 85' lang='lat' dir='ltr'>plana,</span> <span class='ocrx_word' id='word_1_220' title='bbox 1645 2954 1792 2995; x_wconf 89' lang='lat' dir='ltr'>subtus</span> <span class='ocrx_word' id='word_1_221' title='bbox 1827 2969 1957 2996; x_wconf 86' lang='lat' dir='ltr'>nervo</span> 
     </span>
     <span class='ocr_line' id='line_1_33' title="bbox 363 3028 1958 3085; baseline 0.001 -14"><span class='ocrx_word' id='word_1_222' title='bbox 363 3032 525 3083; x_wconf 79' lang='lat' dir='ltr'>„medio</span> <span class='ocrx_word' id='word_1_223' title='bbox 555 3031 815 3085; x_wconf 88' lang='lat' dir='ltr'>prominulo,</span> <span class='ocrx_word' id='word_1_224' title='bbox 858 3029 1161 3083; x_wconf 85' lang='lat' dir='ltr'>integerrima,</span> <span class='ocrx_word' id='word_1_225' title='bbox 1205 3028 1271 3069; x_wconf 85' lang='lat'>5“</span> <span class='ocrx_word' id='word_1_226' title='bbox 1299 3029 1450 3083; x_wconf 86' lang='lat' dir='ltr'>longa,</span> <span class='ocrx_word' id='word_1_227' title='bbox 1488 3029 1681 3085; x_wconf 86' lang='lat' dir='ltr'>lineaque</span> <span class='ocrx_word' id='word_1_228' title='bbox 1708 3032 1848 3085; x_wconf 87' lang='lat' dir='ltr'>paullo</span> <span class='ocrx_word' id='word_1_229' title='bbox 1876 3046 1958 3073; x_wconf 89' lang='lat' dir='ltr'>an-</span> 
     </span>
     <span class='ocr_line' id='line_1_34' title="bbox 365 3105 1959 3162; baseline 0 -14"><span class='ocrx_word' id='word_1_230' title='bbox 365 3108 600 3159; x_wconf 87' lang='lat' dir='ltr'>„gustiora.</span> <span class='ocrx_word' id='word_1_231' title='bbox 656 3108 836 3150; x_wconf 86' lang='lat' dir='ltr'>Strobili</span> <span class='ocrx_word' id='word_1_232' title='bbox 863 3106 1076 3160; x_wconf 89' lang='lat' dir='ltr'>solitarii,</span> <span class='ocrx_word' id='word_1_233' title='bbox 1115 3105 1318 3157; x_wconf 81' lang='lat' dir='ltr'>sessiles,</span> <span class='ocrx_word' id='word_1_234' title='bbox 1356 3105 1550 3160; x_wconf 90' lang='lat' dir='ltr'>oblongi,</span> <span class='ocrx_word' id='word_1_235' title='bbox 1586 3106 1749 3161; x_wconf 86' lang='lat' dir='ltr'>obtusi,</span> <span class='ocrx_word' id='word_1_236' title='bbox 1792 3109 1959 3162; x_wconf 86' lang='lat' dir='ltr'>sesqui-</span> 
     </span>
     <span class='ocr_line' id='line_1_35' title="bbox 364 3182 1959 3238; baseline 0 -14"><span class='ocrx_word' id='word_1_237' title='bbox 364 3184 617 3238; x_wconf 84' lang='lat' dir='ltr'>„pollieares</span> <span class='ocrx_word' id='word_1_238' title='bbox 652 3185 746 3238; x_wconf 88' lang='lat' dir='ltr'>plus</span> <span class='ocrx_word' id='word_1_239' title='bbox 783 3185 937 3227; x_wconf 88' lang='lat' dir='ltr'>minus.</span> <span class='ocrx_word' id='word_1_240' title='bbox 1004 3184 1212 3238; x_wconf 85' lang='lat' dir='ltr'>Squamae</span> <span class='ocrx_word' id='word_1_241' title='bbox 1254 3182 1533 3236; x_wconf 78' lang='lat' dir='ltr'>reniformes,</span> <span class='ocrx_word' id='word_1_242' title='bbox 1574 3183 1790 3236; x_wconf 78' lang='lat' dir='ltr'>integrae,</span> <span class='ocrx_word' id='word_1_243' title='bbox 1821 3184 1887 3223; x_wconf 84' lang='lat'>5“</span> <span class='ocrx_word' id='word_1_244' title='bbox 1917 3189 1959 3224; x_wconf 88' lang='lat' dir='ltr'>et</span> 
     </span>
     <span class='ocr_line' id='line_1_36' title="bbox 364 3259 1266 3312; baseline -0.003 -12"><span class='ocrx_word' id='word_1_245' title='bbox 364 3261 498 3312; x_wconf 74' lang='lat' dir='ltr'>„quod</span> <span class='ocrx_word' id='word_1_246' title='bbox 527 3261 691 3301; x_wconf 86' lang='lat' dir='ltr'>excedit</span> <span class='ocrx_word' id='word_1_247' title='bbox 719 3260 875 3301; x_wconf 69' lang='lat' dir='ltr'>latae.“</span> <span class='ocrx_word' id='word_1_248' title='bbox 932 3259 1142 3312; x_wconf 74' lang='lat' dir='ltr'>Bonyard</span> <span class='ocrx_word' id='word_1_249' title='bbox 1171 3260 1197 3298; x_wconf 80' lang='lat' dir='ltr'>l.</span> <span class='ocrx_word' id='word_1_250' title='bbox 1230 3271 1266 3297; x_wconf 85' lang='lat' dir='ltr'>c.</span> 
     </span>
    </p>
   </div>
  </div>
 </body>
</html>
