2197 3649
888 186 1169 219 JUNIPERUS.
1809 179 1876 228 17

173 317 385 367 Sibiriae
433 324 474 365 et
513 317 622 380 juqi
670 315 838 362 altaiei
888 315 1049 369 colles,
1109 322 1149 361 et
1198 316 1252 361 in
1301 312 1666 361 Kamtschatka.
1711 339 1777 348 —
1820 314 1880 362 In

172 398 396 448 Ameriea
429 399 609 447 boreali
634 398 767 446 haud
793 397 1022 460 indiqena
1048 396 1257 452 videtur,
1300 412 1428 445 nunc
1453 405 1612 444 autem
1636 398 1746 445 hinc
1771 397 1882 446 inde

171 483 280 546 fera
316 481 455 544 viqet.

515 596 562 644 8.
605 596 878 643 JUNIPERUS
915 609 1091 643 mGlnA
1129 594 1263 643 Sieb.
1302 601 1353 643 et
1389 596 1540 651 Zuoe.

241 687 547 755 Oxycedrus
575 688 821 747 arborea,
858 687 1013 736 ramis
1041 687 1294 753 angulatis
1311 724 1323 744 ‚
1354 685 1489 734 foliis
1515 686 1675 735 ternis
1701 693 1882 751 paten-

170 769 307 820 tibus
357 770 670 836 pugentibus
720 770 1035 835 subtrigonis
1081 785 1307 833 superne
1353 767 1704 816 canaliculatis
1744 774 1794 816 et
1828 767 1882 815 in

172 851 317 901 sulco
348 851 486 901 linea
518 851 636 900 alba
665 851 854 900 notatis
881 852 1062 900 subtus
1090 849 1624 908 carinam-convexis,
1663 849 1882 916 galbulis

172 933 399 1000 globosis
425 950 472 981 v.
501 933 738 998 ellipticis
765 932 888 982 folio
914 932 1256 982 brevioribus.

279 1025 360 1089 ὴὲ
401 1027 461 1090 Ψ
498 1053 620 1092 Moro
659 1051 758 1092 aliis
789 1053 953 1091 Sonoro
983 1052 1125 1106 Matz,
1162 1051 1395 1110 Juniperus
1431 1051 1709 1090 arborescens
1737 1049 1884 1090 baccis

331 1129 501 1170 Sabinae
533 1127 761 1182 Koempf'er
786 1128 964 1168 Amoen.
995 1134 1114 1168 escol.
1144 1129 1237 1169 883.

275 1205 508 1258 Juniperus
538 1205 773 1244 communis
802 1205 1034 1258 Thunbery
1061 1206 1182 1244 Flor.
1213 1204 1376 1256 Japon.
1402 1203 1494 1244 264.
1525 1203 1640 1242 excl.
1671 1213 1826 1255 synon.

277 1280 508 1333 Juniperus
537 1279 681 1331 rigida
708 1280 881 1320 Siebold
908 1285 951 1320 et
973 1280 1221 1320 Zac-carini
1238 1280 1360 1319 Flor.
1381 1279 1542 1332 Japon.
1571 1277 1682 1330 fam.
1712 1284 1799 1318 nat.
1821 1278 1880 1318 II.

333 1357 423 1398 109.
482 1357 601 1396 Flor.
632 1356 794 1409 Japon.
829 1356 886 1396 ΙΙ.
918 1362 946 1396 t.
980 1357 1069 1398 125.

239 1436 446 1485 Habitat
479 1437 533 1484 in
557 1435 782 1500 Japonioe
817 1437 976 1484 insula
1009 1435 1209 1501 Nippon
1242 1437 1524 1492 monticola,
1565 1437 1789 1501 frequens
1823 1435 1877 1483 in

165 1521 282 1584 Juqo
319 1519 523 1568 Hakone
559 1519 706 1574 dicto,
750 1519 815 1566 ad
851 1516 1246 1566 3000--3500‘
1289 1519 1613 1566 elevationem.

329 1609 496 1663 „Arbor
532 1609 713 1650 15-25
745 1607 931 1661 pedalis,
973 1607 1107 1647 ramis
1144 1607 1411 1661 patentibus,
1455 1607 1636 1647 ramulis
1671 1605 1879 1660 pendulis.

275 1686 461 1740 „Differt
489 1701 515 1726 a
541 1685 747 1739 Junipero
779 1683 989 1724 communi
1018 1684 1141 1724 foliis
1170 1684 1456 1738 longioribus,
1492 1682 1812 1735 angustioribus
1841 1687 1883 1722 et

275 1763 452 1816 „carina
478 1762 600 1803 valde
629 1762 895 1816 prominente
925 1761 1133 1814 trigonis,
1171 1774 1351 1815 superne
1385 1766 1565 1812 anguste
1594 1774 1644 1801 ao
1672 1760 1880 1814 profunde

275 1837 646 1893 „canaliculatis.“
699 1839 948 1880 Zac-earini
975 1839 1021 1879 in
1050 1840 1130 1879 litt.

461 1953 509 2000 9.
546 1951 818 2000 JLN‘IPERL‘S
857 1965 1137 1999 TAXIFOLIA
1173 1950 1343 1999 Hook.
1383 1955 1433 1999 et
1468 1949 1591 1997 Aru.

242 2043 548 2109 Oxycedrus
579 2044 737 2091 ramis
771 2043 1053 2108 angulatis,
1099 2041 1234 2090 foliis
1271 2041 1432 2090 ternis
1469 2039 1750 2089 linearibus
1789 2039 1880 2088 oh—

169 2124 470 2174 tusiusculis
495 2124 682 2188 patulis
709 2140 936 2188 superne
961 2139 1145 2188 parum
1172 2121 1417 2171 convexis
1442 2120 1726 2178 bilineatis,
1758 2120 1879 2169 suh-

170 2213 253 2256 tus
308 2207 373 2255 ad
430 2205 658 2254 carinam
711 2205 956 2270 utrinque
1011 2204 1155 2253 sulco
1210 2202 1310 2252 levi
1360 2202 1609 2261 exaratis,
1659 2201 1877 2267 galbulis

172 2288 399 2354 globosis
438 2287 562 2336 folio
600 2287 942 2336 brevioribus.

274 2377 507 2430 Juniperus
536 2376 736 2417 taxifolia
764 2376 938 2415 Hooker
971 2381 1013 2415 et
1038 2374 1194 2414 Arnon
1226 2374 1282 2413 acl
1318 2374 1524 2426 Beechey.
1555 2373 1646 2415 271³.
1704 2371 1879 2412 Sc'ebold

328 2459 372 2494 et
394 2452 642 2493 Zueearini
671 2453 789 2492 F'Ior.
822 2452 982 2504 Japon.
1013 2451 1122 2503 fam.
1153 2456 1240 2490 nat.
1273 2450 1330 2490 ΙΙ.
1365 2451 1452 2492 109.

240 2533 444 2582 Habitat
480 2534 533 2581 in
569 2531 900 2581 Bonin-Sima

237 2648 320 2696 ΠΙ.
359 2647 606 2696 ΞΑΒΙΝΑ.
678 2646 878 2695 Semina
915 2647 1039 2695 inter
1074 2662 1120 2694 se
1152 2645 1285 2693 haud
1318 2644 1512 2692 coalita.
1542 2672 1607 2680 —
1630 2642 1769 2691 Folia
1795 2657 1877 2706 op-

164 2749 351 2812 posita,
403 2748 688 2795 verticillata
732 2755 817 2795 aut
859 2748 1022 2794 rarius
1065 2762 1260 2809 sparsa,
1315 2743 1870 2797 adnata-decurrentia,

169 2849 533 2912 heteromorpha
551 2887 562 2904 ,
594 2849 697 2896 alia
721 2847 993 2895 acicularia
1016 2848 1122 2910 plus
1148 2847 1307 2894 minus
1324 2845 1546 2909 patentia
1563 2883 1573 2898 ‚
1604 2844 1704 2892 alia
1730 2857 1874 2906 squa-

170 2949 458 3012 maeformia
498 2949 780 3003 imbricata,
843 2949 983 2995 dorso
1031 2947 1303 3011 saepissime
1342 2946 1577 3009 qlandala
1620 2945 1872 3007 resinifera

169 3055 356 3096 notata.
435 3047 663 3097 Gemmae
698 3048 873 3096 nudae.

273 3144 468 3198 Juniperi
498 3152 602 3186 sect.
633 3145 794 3186 Sabina
820 3145 966 3198 Spach
994 3146 1041 3184 in
1068 3144 1222 3184 Amml.
1255 3154 1316 3183 sc.
1347 3148 1434 3182 nat.
1455 3143 1492 3184 2.
1524 3142 1622 3181 Ser.
1646 3140 1757 3180 XVI.
1778 3140 1870 3181 291.

328 3221 489 3261 Cedrus
519 3222 730 3273 'Pom-nef.
763 3223 868 3262 [nst.
900 3223 990 3264 3621.

1430 3308 1458 3355 2
