2197 3649
334 251 446 302 110
1107 265 1268 300 Amns.

328 401 485 442 monte
521 390 664 441 Cerro
699 392 753 439 de
787 389 894 439 San
928 388 1195 440 Christoval
1222 393 1489 456 provinciae
1523 392 1725 450 Ιέοπάα,
1779 396 1863 443 alt.
1899 394 2031 444 3500

332 471 593 530 -60002
633 488 716 522 nec
755 488 853 521 non
887 473 959 520 uti
993 473 1178 521 videtur
1207 474 1351 522 etiam
1385 474 1439 522 in
1474 475 1644 523 vicinoe
1673 473 1854 538 Africae
1886 491 2030 540 reqno

328 556 644 606 Μανοεοαηο.

486 690 652 742 „Arbor
673 691 765 738 jam
802 702 930 742 prope
967 689 1102 729 basim
1132 702 1321 745 ramosa,
1359 691 1533 733 60-70
1560 692 1685 744 pedes
1714 691 1826 745 alta,
1855 696 2030 745 aspectu

433 769 506 822 „P.
535 767 707 807 Piceam
744 767 955 807 referens.
1011 767 1135 808 Rami
1162 767 1439 821 verticillati,
1482 768 1785 809 horizontales.
1842 767 2030 821 Ramuli,

433 845 503 897 „in
537 844 670 884 ramis
708 843 987 884 inferioribus
1022 843 1285 897 praesertim,
1325 844 1585 895 regulariter
1623 845 1826 898 oppositi,
1873 844 2028 896 angulo

430 925 574 975 „recto
604 925 645 961 et
674 919 807 960 veluti
837 919 1061 960 cruciatim
1091 919 1303 972 dispositi.
1359 919 1485 960 Folia
1508 933 1632 961 secus
1660 921 1800 974 spiras
1828 921 2031 974 approxi-

428 1003 593 1051 „matas
632 997 787 1048 angulo
828 998 923 1037 fere
951 1001 1069 1037 recto
1099 996 1343 1051 nascentia,
1378 996 1470 1036 basi
1500 996 1672 1037 minime
1700 999 1808 1037 flexa
1837 996 1907 1047 (et
1935 997 2029 1037 ideo

429 1074 611 1129 „ramuli
641 1086 806 1126 semper
835 1072 1086 1126 cylindrici„
1122 1083 1199 1112 nec
1228 1076 1275 1112 ut
1312 1071 1356 1112 in
1393 1073 1439 1112 P.
1462 1072 1589 1112 Picea
1616 1072 1878 1112 subdistiche
1908 1083 2028 1112 com-

431 1149 622 1206 „pressD
648 1149 980 1204 glaucescentia,
1011 1149 1207 1203 utrinque
1238 1149 1487 1202 concolora,
1517 1161 1593 1189 nec
1619 1149 1845 1204 bilineata,
1873 1148 2031 1204 rigida,

428 1229 548 1284 „plus
584 1228 778 1268 minusve
815 1231 964 1280 acuta,
1013 1238 1224 1280 nunquam
1266 1225 1554 1278 emarginata,
1594 1225 1850 1266 brevissima
1893 1224 2031 1265 lineas

431 1306 580 1361 „3—5
607 1306 760 1359 longa,
790 1304 834 1344 in
862 1303 996 1344 ramis
1026 1303 1305 1343 inferioribus
1342 1303 1564 1343 sterilibus
1603 1303 1877 1354 acutissima,
1907 1313 2029 1342 com-

430 1396 629 1436 „pressa,
661 1382 753 1421 fere
779 1380 927 1434 plana,
958 1380 1107 1420 subtus
1136 1379 1271 1419 medio
1292 1392 1499 1433 nervosa,
1531 1379 1573 1418 in
1593 1379 1883 1432 superioribus
1901 1378 2029 1418 fruc-

428 1459 601 1514 „tiferis
637 1457 858 1512 breviora,
897 1457 1137 1511 obtusiora,
1176 1455 1412 1497 subteretia
1449 1455 1721 1510 sediformia,
1759 1455 1873 1496 facie
1910 1455 2028 1494 infe-

429 1537 570 1591 „riore
605 1536 729 1577 valde
768 1547 952 1574 nervosa
992 1538 1033 1573 et
1068 1532 1265 1586 utrinque
1307 1531 1545 1586 bisulcata,
1591 1545 1702 1585 saepe
1743 1531 2027 1571 subincurvo-

428 1613 642 1666 „falcata,
673 1610 815 1651 omnia
840 1609 933 1650 basi
960 1608 1175 1662 paululum
1204 1608 1401 1662 dilatata,
1433 1608 1719 1648 desiccatione
1747 1606 1880 1648 facile
1908 1605 2027 1646 deci-

428 1691 537 1745 „dua
579 1694 621 1729 et
662 1687 889 1728 cicatrices
930 1686 1193 1726 orbiculares
1233 1685 1396 1725 albidas
1442 1685 1485 1725 in
1528 1684 1662 1724 medio
1709 1685 1931 1737 depressas
1983 1683 2027 1723 in

428 1767 618 1821 „cortice
659 1764 957 1818 relinquentia.
1026 1763 1150 1803 Folia
1188 1762 1482 1816 primordialia
1532 1762 1704 1802 evoluta
1751 1761 1851 1801 aliis
1893 1760 2025 1801 multo

430 1844 676 1898 „longini-a,
730 1856 840 1895 saepe
880 1841 1076 1895 pollicem
1126 1841 1281 1894 longa,
1336 1839 1485 1880 subtus
1528 1839 1752 1893 aliquando
1804 1838 2025 1878 bilineata.

429 1922 638 1976 „Amenta
676 1919 865 1960 mascula
900 1919 951 1958 ad
991 1917 1304 1958 extremitatem
1341 1929 1554 1957 ramorum
1593 1916 1635 1956 in
1674 1916 1788 1956 facie
1819 1914 2027 1955 inferiore

429 2000 677 2053 „confer-ta,
718 2011 743 2037 a
782 1996 914 2037 tertia
948 2000 1068 2049 parte
1111 1994 1352 2035 altitudinis
1391 1993 1556 2034 arboris
1584 2006 1714 2047 usque
1743 1993 1796 2032 ad
1825 2005 2026 2032 cacumen

427 2072 827 2128 „numerosissima,
859 2071 1056 2126 sessilia,
1084 2071 1177 2111 basi
1206 2070 1393 2125 squamis
1421 2068 1771 2121 membranaceis,
1799 2069 2027 2108 rufescen-

427 2151 582 2207 „tibus,
613 2149 791 2203 obtusis,
820 2148 1071 2201 sublaceris,
1101 2153 1220 2188 extus
1240 2147 1360 2187 valde
1389 2146 1597 2187 resinosis
1626 2150 1667 2186 et
1697 2145 1739 2185 in
1759 2145 2026 2186 involucrum

427 2241 528 2282 „per
556 2227 699 2281 plures
735 2239 867 2266 annos
905 2225 1140 2278 persistens
1177 2224 1269 2264 basi
1306 2223 1478 2264 coalitis
1508 2223 1795 2276 circumdata,
1826 2220 2024 2275 ovoidea,

426 2306 620 2361 „intense
660 2317 891 2358 purpurea,
943 2302 1052 2342 folia
1092 2301 1339 2342 intermixta
1378 2301 1450 2340 vix
1496 2299 1756 2354 superantia.
1822 2299 2024 2339 Antherae

426 2382 654 2437 „sessiles,
685 2379 1039 2433 obpyramidatae,
1068 2377 1356 2431 biloculares,
1393 2377 1508 2417 facie
1547 2377 1765 2430 superiore
1801 2375 2024 2415 carinato-

427 2471 670 2512 „nervosae,
710 2457 917 2497 inferiore
956 2457 1007 2496 ad
1044 2455 1223 2495 mediam
1260 2459 1423 2507 partem
1449 2467 1525 2506 per
1552 2456 1748 2493 fissuram
1776 2457 2023 2502 transverse

425 2534 744 2587 „dehiscentes,
780 2532 899 2585 apice
936 2537 1170 2583 truncatae,
1217 2529 1546 2580 submarginatae
1585 2530 1800 2583 medioque
1847 2527 2022 2569 umbili-

426 2615 549 2664 „cato
579 2610 803 2661 depressae.
861 2607 1040 2648 Pollinis
1069 2607 1248 2658 granula
1268 2619 1435 2656 magna,
1457 2606 1678 2660 sphaerica,
1706 2606 1862 2658 pallide
1890 2606 2020 2646 lutea.

427 2688 636 2741 „Amenta
671 2685 873 2726 foeminea
908 2685 952 2724 in
989 2696 1203 2724 ramorum
1242 2683 1528 2724 terminalium
1556 2683 1723 2724 arboris
1750 2683 1864 2724 facie
1896 2697 2024 2737 supe—

427 2764 568 2816 „riore
606 2763 742 2803 solum
780 2761 928 2815 obvia,
970 2761 1142 2802 sessilia
1178 2765 1221 2801 et
1259 2762 1311 2801 ad
1345 2761 1480 2801 basim
1517 2761 1739 2801 involucro
1776 2774 1798 2800 e
1835 2761 2022 2815 squamis

427 2839 738 2892 „bractealibus
776 2837 996 2878 sterilibus
1034 2836 1268 2876 minoribus
1297 2837 1628 2877 membranaceis
1656 2841 1902 2886 constante,
1945 2849 2021 2876 ex-

427 2921 523 2971 „tus
561 2916 754 2956 resinoso
792 2915 1020 2966 vaginata,
1063 2914 1321 2966 cylindrica,
1370 2918 1536 2966 erecta,
1583 2912 1921 2966 sesquipollicem
1970 2914 2021 2953 ad

426 2993 556 3049 „duos
591 2991 769 3044 pollices
807 2990 958 3044 longa,
988 2989 1219 3030 virescenti
1259 2989 1396 3030 fusca.
1454 2990 1646 3043 Squama}
1683 2988 1920 3029 bracteales
1947 3002 2020 3042 per

426 3067 663 3122 „anthesim
698 3067 959 3119 rotundatae,
1011 3066 1201 3117 margine
1239 3066 1324 3106 late
1364 3066 1715 3119 membranaceae,
1766 3066 2019 3120 crenulatae,

428 3143 573 3197 „apice
601 3142 956 3193 subemarginatae
998 3154 1207 3195 nervoque
1238 3147 1484 3181 excurrente
1515 3141 1762 3196 apiculatae,
1801 3154 2018 3195 convexae,

426 3219 647 3273 „utrinque
688 3218 861 3270 glabrae.
934 3218 1127 3272 Squamae
1172 3217 1429 3270 carpellares
1472 3230 1544 3270 per
1592 3217 1800 3257 anthesim
1847 3229 2020 3271 squama

427 3295 657 3348 „bracteali
701 3294 870 3334 dimidio
908 3294 1153 3347 breviores,
1206 3307 1417 3346 carnosae,
1458 3293 1904 3346 subsemicirculares,
1947 3293 2019 3332 sed
