2197 3649
1004 235 1165 268 ARIES.
1858 232 1932 281 97

231 362 488 425 pachorum
525 362 695 409 clivum
729 361 1045 410 limitantium
1097 378 1194 410 non
1245 364 1543 426 infrequens,
1596 364 1761 412 rarior
1792 381 1934 428 usque

231 443 297 490 ad
327 440 489 490 3000¹
528 443 831 490 elevationem
875 443 1145 499 adscendit,
1188 445 1241 491 in
1282 444 1519 492 montibus
1557 442 1935 509 Scepusiensibus

231 507 374 586 usque
405 524 470 571 ad
489 522 654 572 3600¹
692 525 952 573 terminum
987 527 1133 573 multo
1171 527 1423 589 copiosior,
1465 542 1548 574 nec
1584 527 1637 574 in
1671 528 1934 591 subalpinis

233 603 623 667 Transsylvanioe
658 606 949 670 infrequens.
1026 607 1085 655 In
1117 608 1308 670 reqione
1343 616 1577 656 montana
1607 609 1928 666 Macedoniae,

233 685 453 734 Ibraeice
492 695 532 734 et
566 687 811 750 Bithynice
844 690 1002 750 sylvas
1033 690 1300 746 constituit,
1353 691 1406 738 in
1444 698 1600 738 monte
1633 688 1779 739 Athos
1810 693 1934 739 inter

229 766 583 817 4500—5250
613 771 790 833 pedum
828 771 1152 818 elevationem.
1177 802 1237 808 —-
1258 771 1321 819 B.
1342 788 1434 836 per
1463 789 1650 820 omnem
1689 771 1932 822 Graeciam

227 848 354 896 inter
369 849 502 897 3000
540 881 602 888 —
624 849 789 899 [4000‘
830 853 1136 901 elevationem
1165 854 1322 915 sylvas
1353 855 1593 917 efformat,
1648 855 1701 902 in
1735 854 1934 917 Tayqete

227 926 689 996 (3500—4000¹)‚
732 934 786 981 in
821 932 938 982 Oeta
976 942 1017 982 et
1056 934 1356 1000 Tymphreste
1393 932 1552 999 (2500
1573 931 1608 1000 ‘)
1643 944 1685 984 et
1719 937 1773 984 in
1807 936 1932 984 Par-

225 1027 368 1059 nasso
409 1010 577 1061 Atticce
614 1010 824 1079 (3200¹)
861 1018 1108 1078 frequens,
1164 1033 1285 1081 soepe
1323 1019 1581 1081 fruticosa,
1633 1019 1686 1066 in
1727 1017 1931 1082 Olympo

226 1089 673 1159 (awo—4600&
709 1112 814 1145 cum
855 1097 1113 1146 Laricione
1151 1101 1336 1161 sylvam
1381 1115 1626 1147 aeerosam
1670 1100 1927 1147 constituit.

227 1205 289 1212 —-
320 1175 368 1224 C.
424 1177 629 1225 Habitat
669 1179 723 1226 in
755 1180 875 1241 juyo
916 1178 1115 1228 Adsehoe
1156 1169 1349 1235 Guriel}
1404 1189 1446 1228 et
1480 1189 1532 1228 ut
1562 1182 1749 1228 videtur
1778 1196 1931 1244 prope

228 1255 581 1321 Trapezuntum
613 1268 654 1306 et
687 1259 1039 1308 Kerazuntum.
1105 1260 1280 1323 Ubique
1308 1262 1563 1309 delectatur
1592 1263 1688 1309 solo
1712 1262 1927 1319 humoso,

225 1354 246 1385 e
280 1354 514 1387 saxorum
543 1341 949 1403 primiyeniorum
989 1342 1366 1405 spathiferorum
1402 1343 1577 1390 detritu
1612 1344 1841 1406 formato.

379 1465 519 1505 Arbor
549 1470 715 1506 centum
744 1467 969 1517 sexaginta
996 1467 1122 1519 pedes
1153 1466 1363 1506 interdum
1391 1465 1502 1518 alta,
1545 1465 1706 1506 cortice
1748 1465 1929 1506 albente.

327 1542 452 1582 Rami
481 1542 715 1597 ramulique
745 1542 1003 1582 decussatim
1033 1542 1239 1596 oppositi,
1270 1542 1432 1582 cortice
1456 1542 1681 1590 juventute
1710 1541 1927 1594 puberulo.

327 1620 451 1660 Folia
478 1620 720 1674 plerumque
742 1619 1086 1674 quadriseriatim
1108 1619 1292 1672 inserta,
1321 1619 1413 1659 basi
1434 1624 1572 1674 torta,
1603 1618 1931 1659 horizontaliter

326 1696 537 1750 patentia,
567 1696 771 1750 linearia,
801 1695 1055 1747 longissima
1082 1696 1323 1748 pollicaria,
1352 1696 1508 1736 lineam
1538 1696 1641 1750 lata,
1669 1696 1809 1749 plana,
1837 1694 1928 1735 basi

326 1775 573 1826 rotundam,
603 1774 722 1827 apice
743 1773 986 1828 plerumque
1009 1773 1159 1813 obtusa
1177 1778 1250 1813 aut
1271 1773 1480 1813 interdum
1501 1778 1772 1825 mucronata,
1801 1785 1930 1825 supra

325 1857 517 1894 saturate
548 1852 726 1906 viridia,
757 1852 876 1892 sulco
907 1857 1108 1905 exarata,
1141 1851 1290 1893 subtus
1312 1852 1435 1900 juxta
1463 1851 1652 1891 carinam
1681 1850 1928 1904 prominen-

326 1936 410 1971 tem
439 1930 633 1984 utrinque
672 1935 901 1971 stomatum
932 1930 1072 1970 fascia
1111 1930 1251 1970 albida
1279 1934 1440 1969 notata.
1506 1930 1688 1969 Amenta
1724 1928 1926 1969 stamini-

325 2020 430 2057 gera
457 2007 677 2058 axillaria,
717 2007 823 2046 folio
862 2006 1085 2059 breviora,
1126 2007 1307 2046 obovata
1334 2020 1374 2045 v.
1405 2007 1498 2045 fere
1529 2005 1783 2058 cylindrica.
1831 2005 1925 2044 An-

324 2083 540 2122 therarum
562 2082 695 2122 crista
714 2095 938 2136 purpurea,
969 2087 1092 2122 acute
1110 2082 1312 2122 bicornis.
1356 2082 1536 2123 Strobili
1557 2082 1706 2134 erecti,
1734 2080 1925 2131 sessiles‚

323 2161 349 2200 8
367 2159 545 2212 pollices
574 2159 706 2212 longi,
735 2159 886 2199 rhachi
914 2164 1010 2212 post
1039 2172 1308 2213 squamarum
1345 2159 1508 2212 lapsum
1539 2159 1608 2198 diu
1650 2157 1920 2211 persistente.

321 2237 540 2277 Seminum
579 2236 648 2276 ala
689 2237 857 2277 inverse
898 2236 1202 2289 triangularis7
1246 2236 1386 2276 antice
1431 2236 1670 2276 rotundata.
1740 2234 1923 2288 Cotyle-

321 2314 450 2353 dones
478 2314 516 2354 4.

374 2417 422 2456 Β.
468 2416 634 2467 „Arbor
663 2428 745 2455 non
775 2416 836 2455 ita
863 2415 951 2455 alta
978 2428 1026 2454 ac
1058 2415 1109 2454 A.
1140 2415 1378 2467 pectinata,
1420 2425 1516 2453 nam
1548 2414 1600 2454 80
1628 2413 1753 2465 pedes
1793 2424 1922 2464 supe-

323 2505 466 2543 ⁷masse
504 2505 585 2532 non
615 2491 726 2545 vidi3
766 2491 874 2531 rami
905 2505 1062 2545 quoque
1091 2504 1218 2544 prope
1246 2490 1434 2530 radicem
1470 2488 1746 2541 proveniunt,
1785 2487 1922 2538 magis

321 2583 397 2621 „ac
420 2570 461 2610 in
483 2570 536 2609 A.
556 2568 786 2622 pectinata.
845 2568 1000 2607 Cortex
1028 2567 1158 2607 dilute
1186 2566 1616 2615 lutcscenti—fuscus,
1652 2561 1922 2614 sterigmati—

320 2648 423 2702 „bus
450 2660 599 2701 parum
628 2646 823 2698 elevatis,
851 2645 1065 2686 brevibus.
1124 2644 1249 2684 Folia
1277 2643 1467 2684 seriebus
1496 2643 1642 2695 5—6,
1685 2641 1777 2681 basi
1808 2641 1920 2680 dila-

319 2729 452 2778 „tata⁷
480 2723 731 2775 articulata‚
763 2721 1040 2762 cicatricibus
1068 2725 1163 2773 post
1191 2720 1301 2760 folia
1328 2720 1500 2772 delapsa
1527 2719 1652 2769 longe
1680 2717 1920 2770 persisten-

319 2800 474 2854 „tibus‚
497 2800 726 2854 ipsajuxta
745 2800 823 2839 duo
842 2799 980 2839 latera
1002 2811 1230 2851 conversa,
1260 2810 1382 2850 saepe
1404 2796 1568 2850 oblique
1589 2795 1743 2848 posita,
1763 2794 1917 2845 rigida,

319 2879 483 2933 „magis
512 2891 561 2918 ac
592 2878 632 2918 in
664 2878 715 2917 A.
746 2877 985 2930 pectinata,
1028 2889 1156 2929 supra
1185 2875 1304 2915 sulco
1333 2887 1480 2928 parum
1509 2874 1741 2926 profundo,
1772 2871 1918 2911 subtus

319 2957 491 3009 „carina
509 2956 631 2995 valde
661 2955 849 3007 elevata,
878 2954 1005 2994 lineis
1035 2952 1230 3006 utrinque
1259 2953 1377 2993 6-7
1396 2950 1692 3002 glandularum
1712 2948 1917 2994 albarum,

319 3046 446 3084 „area
473 3033 585 3073 inter
614 3031 836 3084 glandulas
866 3045 948 3072 non
978 3031 1087 3085 alba,
1118 3031 1223 3070 unde
1254 3029 1392 3069 facies
1422 3028 1559 3079 magis
1588 3028 1768 3067 obscura
1796 3037 1913 3079 quam

321 3110 398 3161 „A.
429 3110 689 3162 pectinatae,
730 3108 992 3160 marginibus
1031 3107 1192 3148 crassis
1232 3119 1378 3160 parum
1408 3104 1602 3157 reflexis,
1646 3102 1762 3155 apice
1792 3104 1916 3140 acuto

320 3184 507 3237 ‚.,1·igido‚
547 3199 623 3238 quo
663 3186 911 3225 charactere
950 3185 998 3224 ab
1029 3184 1080 3223 A,
1112 3183 1326 3236 pectinata
1359 3181 1479 3221 valde
1518 3180 1677 3220 differt.
1736 3174 1936 3216 Amenta‘

319 3261 533 3312 ,anascula
569 3263 620 3301 ad
658 3262 797 3314 apices
836 3273 1047 3301 ramorum
1092 3261 1328 3300 adultorum
1369 3257 1680 3310 approximate,
1720 3251 1913 3302 sessum,

1436 3346 1465 3356 -r

1444 3362 1458 3390 1
