2197 3649
307 245 420 296 100
1074 253 1234 288 AmES.

304 384 453 432 Dewa
493 380 590 446 (36
609 380 628 413 ⁰
650 410 716 417 -—-
741 382 805 430 40
825 379 844 412 0
878 381 937 430 L.
967 378 1067 444 B.)
1113 382 1199 428 alt.
1242 379 1375 428 2000
1398 406 1465 414 —
1489 379 1623 427 3000
1643 376 1675 434 ¹,
1737 379 1791 426 in
1843 378 2003 426 insula

304 463 481 514 Kiusiu
504 465 669 513 rarior
693 465 745 512 in
768 463 967 511 vallibus
991 463 1207 524 irriquis,
1249 477 1292 509 υ.
1316 476 1392 524 qr.
1419 462 1472 509 in
1496 469 1654 509 monte
1679 460 1836 524 Iwaja
1856 473 2005 523 prope

302 545 576 609 Naqasaki‚
620 546 704 593 alt.
738 542 910 597 1800‘,
944 570 1011 577 —
1034 541 1087 605 β.
1115 559 1175 591 eoe
1199 543 1360 590 insula
1383 541 1496 590 Jezo
1522 543 1575 590 in
1598 543 1758 590 hortos
1781 540 2007 605 Japonioe

303 628 603 682 introducta,
632 652 700 660 —
724 640 771 690 y.
799 626 850 673 in
888 625 1123 673 montibus
1159 625 1420 689 provinciae
1445 623 1642 672 Jamato
1673 620 1798 688 (340
1831 622 1887 671 L.
1908 618 2006 686 Β.)

305 718 345 758 et
369 707 630 756 Simotsulci
656 703 680 771 (
689 703 782 754 360
806 705 863 754 L.
890 706 953 754 B.
954 703 998 771 )‚
1044 722 1127 755 nec
1162 722 1261 754 non
1299 707 1353 754 in
1376 714 1532 753 monte
1555 705 1725 755 Nikwo
1743 703 2008 769 provinciae

307 789 502 853 Suruqa
540 786 661 854 (350
684 788 742 835 L.
772 784 877 852 B.).

463 911 638 963 „Arbor
673 911 864 964 excelsa,
916 909 1060 949 habitu
1098 908 1264 948 Abietis
1299 907 1534 960 pectinatae.
1613 905 1780 947 Ramuli
1812 904 2007 955 juniores

411 989 597 1043 ‚,strieti,
639 992 822 1040 teretes,
871 985 1053 1038 pulvinis
1091 984 1245 1038 rectis,
1295 982 1536 1036 adpressis,
1575 981 1644 1021 vix
1679 979 2009 1033 prominentibus

411 1065 625 1117 „obsoleta
655 1062 863 1122 angulati,
899 1061 1104 1114 phyllulis
1135 1059 1442 1099 orbicularibus
1472 1057 1684 1108 angulatis
1713 1055 1871 1110 notati,
1911 1055 2009 1108 pilis

411 1143 634 1196 ⁷„brevibus
663 1139 1004 1180 fuscescentibus
1033 1136 1601 1188 furfurace0—pubescentes.
1671 1135 1853 1174 Gemmae
1883 1145 2010 1185 peru-

412 1221 553 1274 „latae,
583 1218 737 1271 perulae
766 1228 1023 1269 numerosae,
1053 1218 1168 1254 arete
1198 1213 1277 1253 sibi
1308 1212 1553 1266 imbricatae,
1583 1210 1884 1264 multiseriatae,
1914 1213 2011 1262 post

412 1294 792 1350 „frondescentiam
822 1295 872 1333 ad
901 1292 1036 1332 basim
1066 1291 1214 1330 ramuli
1243 1291 1286 1330 in
1315 1291 1458 1330 tubum
1484 1288 1761 1342 cylindricum
1792 1290 2008 1337 congestae

413 1379 480 1426 „et
517 1373 659 1425 plures
699 1383 774 1423 per
809 1382 942 1410 annos
980 1368 1282 1422 persistentes,
1315 1371 1469 1419 ovatae,
1499 1366 1753 1419 rotundatae,
1786 1364 2008 1417 carinatae,

412 1450 665 1503 „coriaceae,
697 1448 878 1502 glabrae,
909 1446 1062 1486 intimae
1091 1443 1624 1499 longiores,spathulatae,
1654 1442 2008 1495 membranaceae,

414 1526 628 1580 „margine
663 1524 898 1578 undulatae,
937 1522 1074 1562 serius
1112 1521 1311 1561 evanidae.
1376 1519 1499 1559 Folia
1537 1519 1658 1559 valde
1702 1516 2009 1570 approximata,

416 1603 625 1656 „alterna,
666 1599 926 1640 subdistiche
967 1610 1135 1637 sursum
1174 1599 1305 1649 flexa,
1348 1595 1439 1635 basi
1478 1599 1692 1635 attenuata
1730 1594 1772 1634 in
1811 1592 2012 1645 petiolum

415 1679 736 1732 „brevissimum
771 1689 916 1729 parum
951 1679 1129 1727 tortum,
1167 1675 1218 1712 ad
1257 1673 1528 1713 insertionem
1567 1670 2011 1723 peltam-dilatatum,

416 1757 596 1810 „lamina
634 1758 777 1796 exacte
818 1752 1016 1807 lInearis,
1060 1751 1320 1804 subfalcata,
1364 1749 1659 1803 integerrima,
1705 1747 1929 1786 rotundata
1968 1758 2009 1784 v.

416 1835 579 1887 „rarius
599 1833 785 1872 breviter
804 1827 1258 1880 emarginato-excisa,
1289 1827 1462 1879 indeque
1482 1825 1685 1879 bicuspis,
1717 1836 1895 1875 superne
1916 1822 2013 1872 gla-

417 1913 541 1966 „bra,
571 1910 777 1963 profunde
808 1907 976 1960 virens,
1007 1906 1156 1945 subtus
1186 1918 1314 1944 nervo
1345 1903 1479 1944 medio
1511 1902 1722 1955 carinata,
1753 1905 1793 1941 et
1821 1900 2012 1952 utrinque

420 2001 571 2040 „secus
614 1999 707 2027 eum
746 1984 852 2025 stria
889 1982 1170 2022 multiseriata
1205 1985 1429 2021 stomatum
1460 1979 1553 2018 albo
1583 1979 1762 2030 lineata,
1794 1976 2013 2027 coi-iaceat,

418 2064 605 2118 „rigida,
634 2062 829 2115 pollicem
851 2059 1021 2100 circiter
1039 2060 1180 2109 longa.
1229 2058 1410 2098 Amenta
1437 2056 1628 2095 mascula
1655 2069 1676 2095 e
1707 2053 1883 2104 gemmis
1912 2065 2014 2104 pro-

418 2142 546 2195 „priis
575 2139 774 2193 pel-ulatis
805 2138 847 2178 in
877 2137 1014 2177 axillis
1044 2136 1241 2175 foliorum
1271 2134 1366 2174 anni
1395 2132 1671 2185 praecedentis
1701 2131 1876 2183 indeque
1905 2129 2015 2168 late-

418 2219 564 2272 „ralia,
583 2229 823 2268 numerosa,
844 2215 1046 2268 stipitata,
1069 2213 1212 2265 stipite
1236 2203 1488 2265 cylindrico,
1507 2214 1640 2263 recto,
1661 2208 1830 2262 stricto,
1848 2207 2016 2246 tandem

417 2295 610 2349 „perulas
631 2297 879 2346 superante,
912 2291 1170 2343 cylindrica,
1205 2289 1447 2328 multiflora.
1482 2286 1675 2326 Stamina
1696 2282 1877 2337 (flores)
1900 2287 2016 2323 arcte

418 2373 528 2425 „sibi
567 2371 809 2422 imbricata,
847 2369 987 2409 serius
1025 2367 1162 2417 magis
1193 2365 1416 2418 distantia,
1456 2363 1777 2403 horizontaliter
1812 2361 2012 2412 patentia.

420 2449 683 2502 „Filamenta
710 2446 884 2499 teretia,
923 2445 1095 2497 glabra,
1125 2442 1351 2495 appendice
1382 2440 1659 2492 brevissima,
1692 2438 1865 2477 callosa.
1921 2437 2017 2477 An—

420 2525 573 2577 „therae
602 2523 742 2562 locula
772 2522 866 2574 duo,
896 2520 1058 2572 postiee
1089 2517 1368 2557 transversim
1408 2514 1698 2564 irregulariter
1726 2511 2015 2564 dehiscentia,

422 2600 650 2652 „sulfurea.
708 2598 886 2637 Amenta
916 2595 1097 2635 feminea
1126 2593 1334 2644 lateralia,
1364 2590 1580 2641 solitaria,
1610 2604 1630 2629 e
1662 2589 1839 2639 gemmis
1865 2588 2017 2628 axilla-

423 2677 566 2729 „ribus
610 2676 735 2715 dense
770 2672 986 2725 perulatis.
1059 2669 1234 2709 ‚Strobili
1280 2668 1464 2707 breviter
1502 2666 1761 2719 pedicellati,
1811 2665 2016 2718 pedicello

423 2755 633 2806 ,.lig·noso,
665 2764 828 2801 crasso,
857 2748 1016 2801 perulis
1047 2746 1280 2786 imbricatis
1305 2744 1630 2796 persistentibus
1651 2743 1820 2797 vestito,
1851 2742 2016 2796 deflexi,

424 2833 661 2881 „nutantes,
693 2825 940 2879 cylindrici,
972 2823 1133 2877 obtusi,
1163 2822 1269 2862 recti
1298 2835 1338 2862 v.
1369 2834 1511 2873 parum
1544 2820 1728 2872 curvati,
1760 2820 1861 2860 3—4
1890 2819 2020 2870 polli-

425 2917 523 2956 „ces
552 2903 692 2956 longi,
724 2901 864 2941 annui.
923 2902 1114 2950 Squamae
1145 2898 1264 2937 valde
1307 2909 1564 2950 numerosae,
1606 2895 1859 2947 imbricatae,
1890 2895 2019 2933 brac-

425 2980 536 3033 „teis
575 2978 757 3018 suffulta:
798 2990 819 3016 e
857 2976 948 3014 basi
986 2976 1111 3023 longe
1149 2978 1325 3012 cuneata
1364 2972 1613 3011 lanceolatis
1652 2985 1692 3011 v.
1724 2970 2018 3010 subrliombeis

426 3054 588 3108 „acutiS
611 3052 825 3103 carinatis,
856 3051 1043 3100 margine
1068 3048 1357 3099 irregulariter
1382 3048 1639 3099 lacinulatis,
1670 3046 2016 3099 membranaceiS,

427 3130 628 3184 „giam-is,
659 3129 773 3181 ipsas
804 3133 843 3167 et
874 3134 1059 3166 maturas
1091 3125 1408 3177 superantibus3
1441 3125 1533 3163 basi
1564 3129 1746 3163 cuneatae
1767 3128 1807 3163 et
1827 3123 2017 3173 margine

427 3207 631 3259 „tenuiter
666 3205 1015 3255 membr-annecte,
1055 3202 1187 3241 medio
1229 3203 1354 3241 dorso
1387 3201 1574 3241 carinato
1605 3201 1876 3253 incrassatae,
1919 3211 2019 3238 sur-

429 3297 547 3337 „sum
583 3282 924 3323 suborbiculares
954 3280 1205 3332 rotundatae,
1246 3279 1446 3318 coriaceae
1486 3282 1527 3318 et
1565 3278 1754 3329 margine
1797 3280 2018 3316 attenuatae
