2197 3649
1085 42 1112 69 Q

867 178 1285 216 curuum-Axos.
1817 172 1934 223 237

224 308 373 373 bifida
416 324 465 357 υ.
506 309 688 364 lobata,
747 309 1029 372 flabellatim
1066 308 1496 364 nervoso-striata,
1549 309 1709 357 subtus
1749 317 1936 358 tantum

223 416 431 457 stomata
474 408 708 471 yeremia-

570 539 616 586 1.
670 538 973 587 SAL1sBUn1A
1009 552 1369 588 ADIANTIFOLIA
1415 538 1595 588 Smith.

333 633 418 716 §R
443 629 512 707 71:¹2³
551 655 741 709 GinkgO,
774 656 843 696 vel
873 656 954 695 Gin
984 668 1060 707 an,
1098 656 1227 707 vulgo
1257 656 1380 706 Itsjb.
1438 657 1580 698 Arbor
1607 658 1804 699 nucifera
1830 660 1936 701 folio

381 734 599 774 adiantino
630 731 854 786 Ktimpfer
877 732 1041 773 Amoen
1068 738 1186 772 eoeot.
1209 734 1302 774 811.
1328 732 1420 774 813.
1447 746 1483 773 c.
1511 735 1567 774 ic.

329 811 504 863 Ginkgo
532 811 677 851 biloba
707 810 842 851 Linn.
870 810 1005 850 Mant.
1032 810 1091 850 ΙΙ.
1119 811 1209 852 313.
1236 811 1327 852 314.
1369 810 1600 864 Tkmaeberq
1626 812 1747 853 Flor.
1772 814 1934 868 Japcm.

379 888 472 929 358.
505 887 680 939 canan,
710 887 1000 940 Description
1025 887 1083 926 da
1110 887 1281 941 Glak-90
1306 888 1453 927 biloba.
1485 888 1706 942 JIontpell.
1735 892 1850 933 1812.
1875 893 1934 934 80.

380 976 417 1003 c.
445 964 501 1003 ic.
559 964 754 1017 Jacquin
781 964 843 1015 fil.
880 963 1014 1003 Ueber
1037 964 1118 1004 den
1144 964 1314 1016 Glak-qo
1343 965 1390 1004 in
1416 964 1608 1005 Oesterr.
1640 966 1752 1006 Med.
1779 968 1935 1009 Jahrb.

380 1040 496 1081 1819.
521 1052 556 1079 c.
580 1041 634 1080 ic.
665 1040 931 1079 Decandolle
954 1040 1002 1079 in
1026 1040 1230 1080 Biblioth.
1252 1041 1374 1080 univ.
1398 1040 1555 1080 Gener.
1583 1040 1696 1083 1821.
1723 1043 1820 1083 VII.
1845 1045 1937 1087 130.

326 1116 566 1157 Salisburia
595 1117 862 1156 adiantifolia
889 1116 1033 1156 Smith
1065 1117 1114 1156 in
1142 1116 1276 1156 Linn.
1312 1117 1544 1157 Transact.
1583 1117 1664 1158 ΙΙΙ.
1703 1120 1793 1161 330.
1851 1121 1937 1161 Ri-

380 1194 523 1234 chara
548 1193 690 1245 Conif.
719 1195 808 1235 133.
836 1200 864 1236 t.
893 1195 930 1235 3.
956 1193 994 1245 Γ.
1022 1194 1042 1234 1
1073 1199 1114 1233 et
1140 1200 1167 1233 t.
1190 1194 1227 1235 3.
1254 1194 1288 1233 b.
1345 1194 1501 1247 Bnnye
1529 1194 1693 1235 Euam.
1716 1197 1779 1249 pl.
1812 1196 1934 1238 chin.

380 1271 469 1311 bor.
497 1272 561 1313 62.
619 1270 806 1310 Loudon
835 1271 1032 1310 Arbor-et.
1059 1271 1177 1310 Brit.
1204 1271 1278 1312 IV.
1305 1269 1424 1313 2094.
1451 1271 1487 1322 f.
1518 1271 1633 1313 1992.
1699 1273 1877 1314 Siehold
1899 1282 1942 1315 et

376 1346 625 1386 Zac-carini
646 1347 768 1386 Flor.
793 1347 898 1398 Jap.
925 1348 1052 1385 Fam.
1078 1352 1166 1386 nat.
1193 1346 1255 1386 ΙΙ.
1283 1348 1372 1388 109.
1403 1348 1525 1386 Flor.
1551 1348 1714 1401 Japon.
1742 1355 1770 1389 t.
1793 1351 1883 1392 136.

286 1433 494 1482 Habitat
524 1435 578 1481 in
613 1432 767 1482 China
806 1442 847 1482 et
888 1433 1134 1497 Japonia,
1172 1434 1254 1480 ubi
1291 1434 1404 1481 olim
1437 1450 1459 1481 e
1492 1434 1647 1484 China
1690 1437 1937 1486 advectam

218 1515 443 1572 tradunt,
491 1516 544 1563 in
579 1516 730 1563 hortis
760 1523 800 1562 et
839 1514 904 1562 ad
935 1515 1320 1563 Buddhistarum
1352 1518 1527 1580 templa
1563 1518 1747 1581 passim
1781 1521 1930 1577 culta,

220 1598 320 1645 loco
353 1598 512 1645 natali
537 1597 754 1645 nondum
780 1597 984 1660 coquito.

376 1709 644 1761 Embryones
681 1707 724 1748 in
760 1722 841 1748 uno
879 1708 1040 1748 semine
1079 1707 1314 1762 saepissime
1355 1709 1433 1748 duo
1463 1722 1504 1749 v.
1534 1719 1623 1750 tres
1661 1711 1744 1751 imo
1773 1712 1934 1766 plures,

324 1786 393 1840 qui
411 1787 481 1826 ubi
502 1786 742 1838 germinant
774 1786 816 1826 in
844 1785 1056 1838 plantulas
1077 1790 1333 1826 excrescunt
1354 1786 1538 1839 pressim
1560 1788 1800 1844 contiguas,
1831 1804 1935 1845 qua-

324 1876 418 1903 rum
447 1863 588 1904 trunci
614 1863 750 1915 prima
779 1875 891 1916 saepe
921 1868 1043 1902 aetate
1073 1862 1118 1902 in
1147 1862 1316 1902 unicum
1349 1865 1592 1914 confluunt3
1623 1864 1666 1904 id
1695 1866 1803 1920 quod
1830 1867 1935 1907 hor-

323 1940 456 1980 tulani
486 1940 601 1980 Sinae
640 1944 680 1980 et
716 1941 905 1992 Japones
945 1939 1120 1992 stirpem
1163 1953 1184 1979 e
1214 1939 1398 1979 surculis
1437 1939 1768 1992 multiplicantes
1796 1942 1935 1983 artifi-

327 2016 444 2056 ciose
481 2016 725 2069 imitantur,
767 2021 813 2056 ut
842 2016 986 2055 arbori
1016 2015 1279 2056 validitatem
1309 2015 1560 2067 concilient,
1599 2030 1689 2069 quae
1720 2018 1781 2058 ita
1808 2018 1933 2060 unlea

326 2105 347 2131 e
376 2092 568 2144 pluribus
598 2092 832 2145 composita
872 2092 915 2131 in
945 2092 1139 2131 arborem
1179 2092 1390 2132 excrescit
1433 2097 1581 2132 trunco
1610 2092 1818 2133 interdum
1847 2094 1931 2134 im-

326 2168 438 2208 mani
469 2174 509 2208 et
539 2181 659 2208 coma
685 2168 771 2208 late
801 2181 985 2221 expansa
1016 2169 1226 2208 decoram.
1290 2169 1450 2208 Plantae
1473 2169 1669 2216 juniores
1698 2183 1719 2210 e
1748 2171 1932 2211 semini-

324 2246 403 2286 bus
431 2246 507 2286 sub
537 2251 686 2285 nostro
719 2245 821 2285 caelo
851 2245 988 2284 enatis
1018 2250 1122 2284 satae
1152 2245 1257 2284 folia-
1285 2245 1429 2285 ferunt
1458 2246 1510 2285 ad
1535 2245 1674 2286 basim
1703 2260 1832 2302 usque
1859 2246 1932 2287 bi-

323 2322 506 2376 partita,
537 2335 624 2376 quae
643 2323 791 2362 fucum
819 2321 986 2362 faciunt
1012 2322 1282 2375 dendropolis
1308 2335 1440 2362 novas
1463 2322 1694 2364 varietates
1713 2325 1931 2379 fluxasque

324 2399 518 2453 stirpium
548 2400 712 2439 formas
741 2399 864 2439 avide
894 2399 1162 2439 venantibus.

217 2611 352 2678 ΙΙΙ.
419 2607 1273 2678 GEPHALOTAXUS
1345 2608 1544 2676 Sieh.
1601 2622 1670 2678 et
1709 2613 1926 2681 Zucc.

271 2764 584 2818 Cephalotaxus
613 2763 730 2804 Sieb.
757 2770 798 2803 et
819 2763 959 2803 Zucc.
987 2763 1033 2802 in
1057 2761 1188 2802 Endl.
1216 2762 1320 2802 Gen.
1343 2763 1406 2815 pl.
1433 2763 1590 2816 Suppl.
1619 2763 1678 2804 ΙΙ.
1704 2764 1770 2806 27.

284 2889 448 2938 Flores
482 2889 651 2939 dioici.
722 2887 928 2938 Amenta
968 2889 1287 2951 sta-miniqera
1330 2887 1590 2947 axillaria,·
1635 2905 1662 2938 e
1712 2891 1927 2956 gemmis

217 2987 462 3054 propriis,
510 2989 825 3038 decussatim
866 2986 1117 3053 perulatis
1161 2987 1474 3052 composita,
1522 2991 1778 3038 amentulis
1811 2989 1926 3055 plu-

216 3089 376 3146 ribuS,
411 3087 635 3137 bracteis
666 3080 887 3137 suffultis
921 3088 1159 3153 capitata.
1198 3086 1427 3136 Sta-mina
1457 3088 1512 3136 in
1543 3089 1725 3154 quovis
1750 3104 1925 3137 amen-

216 3188 326 3239 tulo
363 3187 418 3246 ἶι,
455 3188 486 3235 6
522 3204 568 3234 v.
605 3187 783 3252 plura,
821 3187 903 3235 axi
932 3186 1224 3236 alternatim
1260 3187 1471 3237 inserta.
1541 3188 1812 3239 Fila-menta
1848 3193 1927 3236 te-
