2197 3649
930 224 1148 259 CEMBRA.
1773 219 1882 270 139

184 345 332 398 Amat
366 356 530 414 sponte
563 364 761 398 nascens
789 351 1020 400 altiorum
1051 353 1316 409 montium,
1357 367 1403 400 υ.
1432 367 1472 401 c.
1500 355 1674 402 ‘montis
1698 353 1887 404 Falcone

182 431 413 486 acclivia,
462 430 589 479 culta
616 431 803 494 passim
840 432 894 480 in
929 433 1098 481 hortis.

339 539 506 590 „Arbor
529 539 773 580 mediocris.
831 541 1003 582 Ramuli
1029 542 1192 584 cortice
1217 543 1394 584 obscure
1421 543 1589 584 cinereo
1614 545 1790 597 vestiti,
1820 551 1887 587 te-

284 619 440 668 „retes,
469 616 711 669 perularum
735 617 988 658 rudimentis
1011 618 1164 671 notati,
1189 619 1347 660 novelli
1371 619 1472 673 pilis
1495 620 1694 661 brevibus
1716 622 1888 662 fusces-

283 691 502 742 „centibus
521 692 640 750 hirti.
673 693 857 734 Gemma}
878 699 1040 750 ovatae,
1071 695 1253 751 obtusae,
1282 696 1500 750 perulatae,
1534 697 1689 751 perulae
1714 698 1888 740 lanceo-

282 767 423 824 „latae,
444 774 595 824 acutae,
616 771 1095 812 membranaceo-aridae
1118 772 1287 827 ciliatae,
1309 786 1467 828 parvae,
1485 779 1581 827 post
1595 775 1884 816 vernationem

282 858 334 895 „a
369 858 415 886 se
453 845 637 886 invicem
674 852 876 902 remotae,
922 849 1092 888 tandem
1127 850 1221 890 fere
1259 850 1309 889 ad
1345 850 1482 890 basim
1517 865 1646 905 usque
1683 851 1884 892 deciduae.

283 921 494 972 „Gemmae
531 923 793 964 secundariae
835 924 1039 965 foliiferae
1089 926 1304 981 oblongae,
1359 939 1381 967 e
1419 927 1605 982 squamis
1644 928 1885 981 compositae

282 999 465 1052 „8—10
481 1000 853 1052 ovato-oblongis
878 1002 1042 1042 obtusis
1065 1002 1401 1044 membranaceis
1426 1004 1575 1059 aridis,
1603 1009 1699 1056 post
1722 1018 1886 1045 verna-

282 1074 467 1125 „tionem
492 1075 534 1116 in
560 1076 761 1127 vaginam
785 1091 860 1118 seu
883 1078 1027 1118 tubum
1053 1078 1335 1131 cylindrieum
1358 1080 1658 1121 brevissimum
1682 1081 1887 1121 foliorum

281 1150 443 1202 „basim
476 1151 715 1203 cingentem
742 1154 923 1202 junctis.
979 1155 1105 1195 Folia
1138 1155 1181 1195 in
1217 1154 1366 1210 quovis
1402 1157 1615 1198 fasciculo
1655 1156 1883 1210 (gemma)

282 1227 510 1282 „quinque,
552 1228 779 1269 fasciculis
804 1230 927 1269 valde
962 1231 1283 1285 approximatis,
1323 1245 1398 1285 per
1421 1232 1652 1273 triennium
1675 1233 1883 1286 virentia,

279 1315 506 1358 „acci-osa,
544 1304 707 1357 rigida,
750 1305 993 1360 plerumque
1030 1320 1178 1359 parum
1213 1313 1391 1348 arcuata
1427 1322 1466 1349 v.
1504 1313 1644 1360 torta,
1695 1309 1886 1350 breviter

278 1384 454 1434 „acuta,
497 1381 622 1420 dorso
657 1394 845 1422 convexa
881 1396 922 1422 v.
948 1383 1098 1437 plana,
1139 1383 1257 1423 facie
1292 1389 1443 1434 argute
1480 1384 1674 1425 carinata
1710 1385 1885 1437 indeque

279 1455 477 1508 „trigona
487 1485 499 1509 ‚
538 1457 731 1508 margine
757 1462 798 1498 et
823 1457 866 1498 in
892 1458 1037 1498 carina
1062 1464 1223 1499 remote
1247 1459 1485 1513 serrulata,
1521 1460 1811 1511 magnitudine
1842 1461 1885 1501 in

278 1533 451 1583 „eodem
480 1533 643 1573 ramulo
673 1534 784 1575 inter
811 1536 837 1576 8
867 1540 908 1576 et
937 1535 990 1577 20
1019 1535 1156 1575 lineas
1184 1536 1426 1587 variantia3
1467 1541 1654 1577 stomata
1691 1538 1735 1578 in
1772 1538 1885 1578 facie

280 1609 402 1660 „folii
422 1609 617 1665 utrinque
636 1624 763 1652 secus
787 1612 977 1652 carinam
997 1612 1293 1666 pluriseriata,
1323 1613 1367 1669 in
1390 1614 1514 1654 dorso
1535 1614 1665 1654 nulla.
1702 1615 1886 1656 Amenta

276 1687 498 1739 „mascula
538 1688 582 1728 in
626 1689 832 1729 inferiore
873 1695 993 1743 parte
1036 1690 1298 1731 ramulorum
1339 1691 1624 1746 novellorum,
1664 1692 1883 1745 perulata,

275 1763 658 1817 „numerosissima
670 1793 681 1817 ,
712 1770 753 1805 et
771 1765 816 1805 in
836 1766 997 1818 spicam
1019 1766 1318 1821 cylindricam,
1350 1767 1369 1808 1
1389 1790 1438 1795 —
1454 1767 1737 1821 Zpollicarem
1757 1769 1883 1808 dense

277 1846 536 1894 „congesta‚
576 1853 861 1893 congenerum
900 1843 1108 1884 fortassis
1144 1844 1320 1884 minima
1360 1849 1401 1885 et
1429 1845 1503 1886 vix
1532 1850 1710 1900 quatuor
1746 1845 1881 1885 lineas

276 1918 548 1969 „superantia
561 1948 573 1972 ,
613 1919 810 1974 sessilia,
851 1919 1048 1971 oblonga.
1115 1920 1312 1961 Stamina
1349 1934 1601 1975 numerosa,
1642 1922 1768 1962 dense
1797 1921 1881 1961 im-

276 1988 491 2046 „bricata3
530 1994 747 2035 filamenta
775 1995 953 2050 teretia,
990 2001 1133 2051 recta,
1177 1997 1297 2050 apice
1326 1997 1442 2038 ultra
1470 1998 1657 2038 antherae
1686 1997 1830 2038 locula
1856 1997 1881 2038 2

276 2068 469 2120 „postice
509 2069 619 2109 rima
652 2070 955 2121 longitudinali
994 2072 1262 2113 dehiscentia
1300 2073 1544 2127 appendicis
1578 2073 1673 2114 loco
1710 2073 1754 2113 in
1783 2085 1880 2112 mu-

276 2155 477 2196 „cronem
503 2145 808 2187 brevissimum
837 2148 1033 2188 obtusum
1069 2153 1234 2190 tantum
1263 2154 1451 2190 extensa.
1517 2150 1669 2190 Flores
1705 2148 1879 2190 feminei

276 2234 386 2275 „non
426 2222 654 2263 observati.
714 2224 893 2264 Strobili
932 2226 1114 2265 secundo
1158 2238 1267 2266 anno
1309 2224 1677 2279 maturescentes,
1719 2224 1878 2279 erecti,

276 2298 660 2352 „ovato-elliptici,
690 2300 857 2355 obtusi,
888 2314 909 2341 e
939 2301 1127 2356 squamis
1158 2301 1335 2342 circiter
1356 2302 1513 2353 viginti
1544 2300 1779 2355 compositi,
1807 2300 1879 2341 vix

275 2374 590 2430 „bipollicares,
619 2389 802 2431 squamae
833 2391 854 2418 e
883 2378 976 2418 basi
1005 2379 1091 2419 late
1121 2383 1300 2420 cuneata
1327 2379 1695 2430 suborbiculares,
1724 2383 1877 2418 rotun-

273 2452 433 2506 „datae,
463 2453 852 2495 coriaceo-crassae
891 2460 934 2496 et
974 2456 1368 2511 sublignescentes,
1412 2455 1627 2497 cochleari
1656 2467 1877 2509 concavae,

274 2529 472 2584 „sordide
510 2530 867 2587 cinereo-fuscae,
908 2533 1145 2587 dispermae.
1201 2535 1395 2575 Bracteae
1433 2533 1649 2574 obsoletae.
1705 2532 1879 2574 Semina

275 2612 455 2659 „ovato-
482 2621 525 2648 v.
557 2609 981 2664 obovato-elliptiea,
1024 2611 1221 2666 utrinque
1251 2611 1427 2666 obtusa,
1467 2611 1523 2651 iis
1554 2610 1743 2651 Cembrae
1770 2623 1877 2649 nos-

275 2683 430 2738 „tratis
450 2681 611 2726 similia
629 2687 704 2726 sed
723 2688 909 2742 majora,
939 2693 1101 2741 aptera.
1159 2689 1293 2729 'Festa
1321 2702 1466 2742 ossea,
1497 2687 1875 2740 ochraceo-fusca,

275 2759 476 2814 „glabra‚
506 2761 653 2802 tunica
680 2762 860 2804 interior
881 2764 1226 2818 membranacea,
1255 2765 1395 2805 fusca.
1441 2764 1649 2804 Albumen
1668 2774 1875 2813 crassum,

276 2837 504 2891 „aequabile
516 2868 529 2892 ,
568 2837 771 2880 oleosum.
835 2841 1025 2894 Embryo
1064 2841 1212 2895 axilis,
1242 2841 1466 2895 inversus,
1504 2840 1698 2881 radicula
1723 2839 1874 2891 longa,

276 2911 567 2969 „cylindrica,
597 2914 864 2970 micropylen
882 2923 1127 2973 spectante,
1157 2917 1479 2972 cotyledonibus
1498 2916 1699 2958 brevibus
1722 2917 1748 2958 8
1763 2940 1811 2946 —
1826 2915 1875 2956 10

276 2986 549 3045 „linem-ibus,
578 2990 868 3048 verticillatis‚
899 2992 1267 3036 conniventibus.“
1322 2994 1572 3036 Zuccarim‘
1600 2994 1626 3034 l.
1659 3005 1695 3034 c.
