2197 3649
282 202 316 251 5
330 202 369 251 0
1060 212 1231 248 Tama.

382 336 516 391 stirpe
545 335 662 378 culta
689 336 792 389 visi,
821 336 897 377 sed
915 349 997 377 non
1016 337 1237 378 acui-atius
1255 337 1497 378 examinati.
1546 336 1725 378 Strobili
1745 336 1790 378 in
1809 335 1992 378 mmuiis

382 412 650 454 brevissimis
691 411 941 453 lateralibus
980 413 1106 454 dense
1143 413 1265 454 foliis
1294 413 1532 455 imbricatis
1561 413 1688 454 tectis
1716 411 1990 468 terminales,

383 489 532 540 crecti,
563 489 909 544 ovato-oblongi,
939 490 1128 531 5—-6“⁴
1158 490 1291 544 longi,
1321 489 1469 531 erecti.
1500 491 1694 543 Squama}
1724 489 1876 541 6—8,
1907 487 1988 529 de-

383 564 590 609 cussatim
620 565 848 621 oppositae,
879 578 1057 607 carnoso
1089 568 1306 620 fungosae,
1337 579 1358 607 e
1387 566 1480 607 basi
1509 565 1594 606 late
1623 569 1751 606 ovata
1769 568 1990 606 attenuato

384 642 630 695 cuspidatae,
655 642 774 695 apice
794 644 985 698 reflexae,
1014 642 1206 684 violaceo
1229 643 1518 698 nigricantes,
1547 641 1794 682 maturitate
1813 644 1990 682 erecto-

382 718 564 772 patulae.
621 718 795 760 Semina
823 723 973 772 ovata,
1003 719 1190 760 obsolete
1221 719 1408 771 trigona.

700 902 908 971 VIII.
968 900 1302 971 THUIA
1353 901 1564 968 Linn.

332 1045 473 1086 'I'huia
500 1043 715 1096 'Pom-nef.
745 1045 856 1086 Inst.
885 1046 976 1087 358.
1020 1044 1155 1085 Lz'mz.
1187 1044 1290 1085 Gen.
1309 1044 1370 1098 pl.
1391 1056 1436 1084 n.
1459 1044 1576 1086 1079.
1598 1043 1712 1084 ccccl.
1732 1055 1799 1096 cp.
1841 1041 1990 1096 Spach

384 1122 500 1162 Hist.
530 1134 623 1176 req.
651 1123 835 1176 phaner.
867 1122 943 1162 XI.
975 1123 1067 1164 337.

347 1233 512 1282 Flores
546 1232 599 1281 in
637 1233 852 1282 diversis
890 1233 1047 1282 lamis
1084 1233 1328 1282 monoici,
1391 1233 1655 1296 Staminiq.
1695 1230 1899 1281 Amenta
1934 1230 1990 1279 in

284 1332 494 1383 ramulis
519 1332 818 1381 lateralibus
844 1332 1161 1391 terminalia,
1201 1333 1447 1392 ovoidea,
1483 1333 1709 1381 minima.
1759 1331 1989 1381 Stamina

281 1433 334 1481 in
374 1433 457 1482 axi
494 1412 808 1482 decussatim
840 1433 1107 1497 opposita,
1147 1433 1516 1498 quadrifariam
1542 1433 1838 1490 imbricata,
1875 1448 1988 1481 con-

280 1535 461 1583 nectivo
514 1533 808 1582 excentrice
869 1533 1062 1597 peltato
1116 1533 1306 1583 mutico
1365 1534 1669 1592 orbiculari,
1724 1535 1888 1582 loculis
1929 1531 1990 1592 ῐι,

281 1632 716 1691 horizontalibus,
776 1632 1218 1697 longitudinaliter
1273 1633 1677 1682 dehiscentibus.
1758 1632 1987 1697 Seminis.

284 1731 488 1782 Amenta
524 1732 578 1780 in
614 1731 827 1780 ramulis
863 1731 1159 1781 lateralibus
1197 1732 1425 1782 solitarie
1459 1732 1766 1782 terminalia.
1827 1732 1990 1796 Squa-

284 1850 375 1883 mae
413 1831 786 1899 gemmuliferae
824 1832 1050 1891 8-12‚
1089 1833 1400 1881 decussatim
1439 1833 1717 1897 oppositae,
1752 1832 1855 1882 lata
1877 1832 1990 1882 basi

286 1932 520 1991 sessileS,
554 1932 649 1980 sub
676 1932 822 1996 apice
849 1938 1195 1990 mucronatae,
1229 1932 1454 1997 primum
1478 1938 1741 1997 patenteS,
1780 1932 1990 1981 demum

287 2033 558 2082 imbricato
604 2032 894 2098 adpressae,
936 2032 1221 2081 exteriores
1262 2033 1372 2081 basi
1414 2032 1872 2098 bigemmuliferae,
1912 2032 1993 2080 in-

286 2133 425 2183 timae
468 2132 685 2182 steriles.
763 2132 1024 2182 Gemmuloe
1060 2133 1125 2181 ad
1161 2132 1326 2181 basim
1364 2148 1698 2198 squamarum
1733 2133 1791 2192 2,
1835 2132 1995 2181 colla-

287 2232 503 2291 terales,
559 2238 775 2291 erectae,
829 2238 1051 2297 atropae,
1111 2232 1396 2298 micropyle
1451 2232 1679 2281 breviter
1730 2237 1994 2297 protracta

285 2332 701 2399 lagenaeformes.
773 2332 1013 2382 Strobilus
1067 2350 1095 2382 e
1131 2333 1358 2397 squamis
1414 2332 1783 2397 quadrifariam
1816 2331 1994 2380 imbri-

292 2432 447 2490 catis,
486 2432 862 2490 subcoriaceis,
900 2432 1132 2480 ovalibus
1168 2449 1214 2479 v.
1249 2431 1510 2496 oblongis,
1546 2430 1711 2495 planis
1749 2436 1836 2479 aut
1872 2430 1992 2479 sub-

291 2530 607 2589 convolutis,
645 2531 872 2589 obtusis,
910 2531 1056 2595 apice
1081 2531 1220 2578 haud
1245 2531 1566 2588 incrassatis,
1606 2530 1759 2578 dorso
1787 2530 1994 2579 muticis

289 2648 337 2681 v.
398 2630 741 2689 mucronatis,
812 2630 1037 2694 primum
1098 2636 1237 2679 arcte
1298 2630 1718 2688 conniventibus,
1784 2630 1992 2679 demum

293 2729 711 2795 erecto—patulis,
757 2730 948 2778 intimis
987 2729 1295 2788 minoribus,
1341 2729 1619 2778 sterilibus.
1691 2729 1891 2778 Semina
1928 2730 1993 2779 ad

291 2831 456 2880 basim
507 2846 836 2895 squamarum
882 2831 938 2888 2,
985 2830 1320 2887 collateralia,
1369 2835 1455 2878 aut
1502 2830 1759 2878 interdum
1809 2831 1993 2879 abortu

294 2930 546 2988 solitaria,
586 2936 784 2987 erecta,
825 2928 1113 2978 lenticulari
1154 2946 1477 2994 compressa,
1525 2932 1844 2992 intequmento
1881 2945 1995 2978 car-

293 3029 563 3096 tilagineo,
602 3029 818 3078 foveolis
856 3029 1138 3078 resiniseris
1176 3029 1469 3093 exsculpto,
1508 3029 1749 3095 utrinque
1781 3030 1834 3078 in
1861 3029 1993 3079 alam

296 3129 771 3187 membranaceam,
828 3129 937 3177 basi
999 3135 1049 3177 et
1108 3129 1253 3192 apice
1316 3129 1686 3192 emarginatam
1747 3145 1994 3194 expanso.

298 3230 509 3293 Embryo
561 3228 613 3276 in
668 3228 748 3276 axi
803 3227 1074 3276 albumini-0·
1131 3228 1331 3276 rariiosi
1387 3228 1703 3293 antstropus,
1760 3228 1991 3293 ejusdem
