2197 3649
255 215 279 263 Ι
291 213 368 265 20
1020 228 1184 263 ΡιοΕΑ.

353 348 509 403 „datae,
538 361 615 389 nec
639 353 684 389 ut
705 349 748 390 in
772 350 819 390 P.
847 350 1013 401 vulgari
1037 351 1154 403 apice
1178 352 1415 406 productae,
1444 357 1671 408 truncatae,
1701 364 1824 393 eroso
1851 352 1957 393 den-

353 425 586 480 „ticulatae,
630 439 710 479 qua
741 431 843 466 nota
875 440 958 467 una
982 440 1075 468 cum
1107 428 1377 468 strobilorum
1408 430 1691 481 magnitudine
1728 429 1864 482 primo
1887 429 1957 470 in-

353 501 486 553 „tuitu
509 515 534 542 a
555 503 722 553 vulgari
747 503 1050 555 dignoscitu1·.“
1107 504 1335 546 Ledebour
1359 507 1389 546 I.
1417 520 1454 546 c.

519 634 602 683 32.
654 635 806 684 1³1an
843 635 1210 686 SCHRENKIANA
1252 637 1421 686 Fisch.
1459 645 1510 688 et
1545 639 1681 704 Mey.

313 749 470 797 Picea
510 748 646 797 foliis
687 750 975 815 tetragonis
1025 750 1189 799 acutis
1231 751 1461 801 seriatim
1504 752 1620 801 albo
1663 753 1953 818 punctatiS,

245 829 471 879 strobilis
515 830 860 895 cylindraceis
904 831 1119 890 erectis,
1174 832 1403 895 squamis
1448 833 1954 883 cuneato-obovatis

246 911 394 976 apice
430 911 721 961 rotundatis
756 911 1106 977 integerrimis
1142 912 1509 978 planiusculis,
1557 915 1803 964 ramentis
1841 930 1954 964 sca-

245 991 395 1041 riosis
422 991 663 1042 dilatatis·

347 1103 474 1144 Picea
492 1102 787 1144 Schrenkiana
805 1104 995 1145 Fischer
1012 1110 1053 1145 et
1080 1104 1126 1145 Ο.
1149 1105 1202 1146 Α.
1222 1105 1374 1158 Meyer
1398 1106 1544 1146 Plant.
1560 1106 1774 1147 Schrenk.
1801 1106 1863 1147 ΙΙ.
1890 1105 1952 1148 12.

348 1181 478 1222 Pinus
502 1181 798 1222 Schrenkiana
822 1181 1008 1222 Antoine
1034 1181 1180 1234 Canis.
1206 1183 1271 1224 97.

307 1282 516 1332 Habitat
538 1283 594 1332 in
618 1281 816 1332 Sibirioe
832 1284 952 1347 juqo
977 1282 1220 1332 Khulasu.

402 1381 493 1433 „Ad
517 1381 564 1421 P.
593 1381 813 1421 obovatam
836 1382 1057 1421 Ledebour
1078 1381 1266 1433 proxime
1291 1381 1466 1437 accedit,
1495 1383 1569 1422 sed
1594 1382 1763 1423 diversa
1784 1395 1955 1423 ramen-

348 1457 443 1513 „tis,
472 1458 707 1510 praesertim
730 1459 783 1497 ad
806 1458 1077 1498 strobilorum
1100 1458 1233 1499 basim
1258 1459 1384 1508 longe
1410 1459 1661 1513 majoribus,
1691 1459 1806 1499 foliis
1832 1472 1954 1500 cras-

345 1533 553 1587 „sim-ibus
598 1533 963 1589 longioribusque,
1013 1535 1253 1589 plerumque
1290 1535 1560 1587 pollicaribus
1576 1567 1588 1590 ,
1630 1536 1766 1576 rarius
1813 1536 1953 1588 paullo

347 1611 661 1667 „brevioribus,
692 1624 802 1664 saepe
826 1611 1114 1667 longioribus,
1147 1614 1195 1653 15
1217 1635 1248 1641 ·
1270 1613 1319 1653 16
1342 1612 1476 1653 lineas
1499 1612 1656 1667 longis,
1689 1611 1751 1663 (in
1776 1613 1822 1653 P.
1849 1613 1956 1653 obo-

346 1693 471 1740 „vata
493 1689 598 1728 folia
621 1689 745 1741 duplo
771 1688 939 1729 circiter
961 1689 1180 1743 breviora,
1210 1689 1452 1741 plerumque
1489 1690 1513 1730 6
1536 1703 1577 1729 v.
1607 1692 1629 1730 7
1653 1689 1786 1730 lineas
1808 1689 1953 1742 longa,

347 1777 485 1817 „saepe
508 1765 716 1818 breviora,
741 1765 877 1805 rarius
896 1766 1019 1817 paulo
1045 1765 1253 1818 longiora,
1280 1767 1331 1806 ad
1354 1779 1561 1805 summum
1581 1767 1604 1807 9
1625 1766 1757 1806 lineas
1780 1764 1952 1822 longa),

346 1842 510 1894 „minus
534 1842 736 1897 exquisite
761 1842 1025 1897 acuminatis,
1054 1843 1190 1883 minus
1216 1843 1462 1899 nitentibus,
1491 1844 1657 1896 punctis
1682 1843 1788 1883 albis
1813 1843 1953 1884 seria-

346 1919 443 1972 „tis‚
472 1919 705 1972 praesertim
730 1920 878 1960 subtus
901 1920 1071 1960 notatis.
1105 1920 1278 1961 Strobili
1308 1920 1460 1975 erecti,
1493 1920 1771 1975 cylindracei‚
1802 1922 1825 1962 3
1850 1920 1949 1973 poll.

346 1997 513 2050 „long-i,
558 1999 608 2039 10
630 1998 703 2038 lin.
730 1998 771 2038 in
797 1998 1013 2038 diametro.
1071 2000 1262 2053 Squamae
1291 1998 1376 2038 illis
1409 1999 1455 2038 P.
1484 1998 1672 2037 obovatae
1696 1997 1855 2038 similes
1877 1997 1953 2037 sed

345 2075 544 2126 „latiores
577 2080 617 2115 et
646 2075 762 2128 apice
793 2077 1088 2116 subtruncatae.
1155 2077 1201 2116 Ρ.
1228 2076 1435 2115 Khutrow
1477 2089 1502 2114 a
1536 2079 1682 2115 nostra
1719 2074 1847 2115 distat
1877 2087 1951 2114 ra-

345 2153 523 2204 „mentis
555 2166 637 2193 non
676 2153 884 2208 dilatatis,
925 2153 1112 2193 strobilis
1149 2154 1279 2192 multo
1315 2152 1545 2202 majoribus
1581 2152 1952 2203 ovato-oblongis

344 2230 635 2285 „nutantibus,
676 2232 825 2271 forsan
873 2235 915 2271 et
950 2231 1044 2271 aliis
1082 2231 1195 2271 notis
1208 2245 1222 2282 3
1268 2243 1362 2271 cum
1398 2229 1569 2282 reliquis
1612 2230 1740 2280 hujus
1780 2229 1951 2281 generis

343 2308 587 2361 „speciebus
611 2314 760 2349 nostra
784 2308 1029 2349 commutari
1054 2309 1165 2348 haud
1188 2305 1370 2361 potest.“
1426 2308 1573 2348 Fiscb,
1600 2313 1643 2347 ct
1663 2307 1774 2360 Mey.
1801 2308 1830 2347 l.
1857 2320 1894 2347 c.

576 2448 658 2495 33.
712 2448 865 2496 Pms
902 2434 1166 2495 JEzoiz'xs1s
1204 2447 1340 2496 Sieb.
1379 2452 1429 2495 et
1466 2448 1617 2494 Zucc.

305 2559 460 2608 Picea
495 2559 631 2609 foliis
670 2560 1284 2625 compresso-tetragonis
1329 2559 1948 2624 spinescenti-mucrona-

237 2640 321 2699 tis,
359 2641 551 2690 amenti
579 2640 924 2706 gemmuliferi
952 2640 1161 2705 oblongi
1188 2641 1417 2705 squamis
1446 2640 1682 2706 oblongis
1711 2640 1948 2705 ellipticis

235 2722 449 2771 bractea
485 2721 1083 2786 spathulato-rhombea
1121 2727 1273 2769 acuta
1310 2721 1571 2770 multoties
1609 2721 1948 2787 longioribus.

341 2833 471 2874 Abies
488 2832 706 2883 jezoensis
738 2832 915 2872 Siebold
950 2837 990 2872 et
1012 2831 1261 2872 Zuccarini
1282 2833 1405 2872 Flor.
1432 2833 1594 2885 Japon.
1622 2832 1680 2872 ΙΙ.
1710 2833 1772 2873 19.
1800 2837 1828 2871 t.
1857 2832 1945 2874 110.

340 2909 469 2951 Pinus
487 2909 703 2958 jezoensis
728 2909 911 2949 Antoine
939 2907 1084 2959 C'om'f.
1111 2909 1175 2949 97.
1204 2914 1231 2948 t.
1258 2909 1321 2950 37.
1348 2907 1385 2959 f.
1415 2911 1450 2949 1.

338 2985 613 3027 Jezo-matsu
638 2985 695 3036 [i.
721 2997 758 3025 e.
784 2985 929 3025 Pinus
951 2997 1010 3025 ea·
1034 2985 1183 3025 insula
1206 2983 1352 3035 Jezo]
1375 2984 1537 3037 Japon.

342 3063 481 3112 Sjung
504 3073 544 3101 υ.
571 3061 720 3103 Sirobe
746 3061 872 3102 Aiuo.

306 3164 514 3215 Habitat
537 3165 589 3212 in
614 3165 782 3212 insulis
805 3163 920 3213 Jezo
949 3173 991 3211 ec
1008 3163 1239 3225 Karafto,
1273 3173 1313 3210 et
1340 3164 1510 3211 colitur
1535 3163 1586 3210 in
1611 3163 1760 3210 bortis
1778 3177 1946 3226 proce-

234 3263 346 3296 rum
370 3248 501 3296 circa
525 3248 687 3295 urbem
711 3246 830 3295 Jedo
853 3245 1097 3310 Japom'oe.
