2197 3649
837 201 1096 237 DAMMARA.
1707 190 1809 239 191

118 333 280 380 larum
322 338 363 379 et
401 330 467 378 ad
514 327 794 390 Wanqaroa
812 365 824 382 .
892 342 976 375 nec
1016 341 1115 375 non
1156 325 1222 374 ad
1261 323 1519 388 Hokianqa
1572 325 1626 373 in
1666 325 1819 374 littore

120 411 417 461 occidentali.

275 498 442 552 „Arbor
460 501 606 550 vasta,
633 496 687 537 80
714 507 756 534 v.
789 496 864 536 140
892 495 1018 546 pedes
1047 495 1149 536 alta.
1207 495 1402 535 Truncus
1431 493 1742 549 strictissimus,
1771 497 1824 536 40

223 588 289 629 „v.
319 572 542 627 70pedalis
572 573 623 613 ad
652 584 782 626 usque
812 583 977 626 ramos,
1007 571 1210 612 diametro
1241 570 1536 624 4—-7pedali,
1567 571 1726 612 cortice
1756 571 1824 611 in-

225 656 397 704 „tegr0,
427 647 716 702 crassissimo,
753 647 944 700 plumbeo
972 652 1126 688 tectus.
1181 647 1305 688 Rami
1334 648 1576 701 numerosi,
1615 653 1824 702 patentes,

223 725 501 780 „subremoti,
544 724 829 765 crassitudine
861 724 1054 776 corporis
1082 724 1275 778 humani,
1314 725 1356 765 in
1385 725 1573 765 ramulos
1602 725 1753 765 iterum
1784 730 1826 765 et

224 803 405 855 „iterum
435 801 587 855 divisi,
625 814 805 852 superne
835 801 1166 855 adscendentes,
1195 800 1416 853 frondosi,
1458 801 1624 841 inferne
1655 801 1827 853 delapsu

226 879 451 930 „foliorum
490 878 604 918 nudi.
687 877 871 928 Lignum
909 877 1076 931 album,
1129 877 1272 917 resina
1311 877 1468 932 liquida
1509 877 1828 918 terebinthacea

226 956 480 1009 „turgidum.
550 954 674 994 Folia
701 966 952 1008 numerosa,
983 954 1199 1006 opposita,
1229 966 1338 994 nunc
1367 954 1409 994 in
1438 954 1590 994 arbore
1620 954 1826 994 adultiore

227 1045 366 1084 „saepe
409 1032 597 1081 alterna,
642 1030 833 1085 sessilia,
864 1030 1250 1082 lineari-oblonga
1277 1044 1319 1070 v.
1350 1031 1492 1072 rarius
1530 1031 1740 1085 emptica,
1772 1031 1828 1072 iis

228 1107 359 1160 „Buxi
393 1112 562 1148 textura
580 1112 703 1160 atque
724 1106 834 1146 facie
855 1107 944 1147 fere
965 1106 1149 1161 similia,
1180 1107 1354 1162 obtusa,
1385 1107 1682 1161 integerrima,
1713 1119 1829 1146 mar-

230 1185 422 1238 „ginata,
455 1184 671 1237 coriacea,
700 1183 867 1236 rigida,
908 1183 1287 1237 erecto—patentia,
1330 1196 1457 1223 unum
1485 1197 1526 1223 v.
1557 1183 1830 1238 sesquipolli-

229 1274 373 1313 „cem,
403 1274 514 1300 nunc
544 1265 708 1300 tantum
737 1259 1018 1300 semiunciam
1046 1260 1197 1314 longa,
1242 1261 1265 1301 3
1294 1260 1428 1300 lineas
1456 1273 1497 1300 v.
1528 1259 1667 1300 rarius
1697 1259 1831 1301 semi-

228 1337 423 1388 „unciam
461 1336 571 1387 lata,
615 1335 810 1386 utrinque
838 1335 990 1388 plana,
1031 1335 1193 1388 nitida,
1237 1335 1435 1387 enervia,
1472 1335 1627 1386 pallide
1655 1334 1831 1388 viridia,

228 1410 345 1464 „basi
373 1410 626 1462 latiuscula,
655 1410 728 1450 vix
756 1414 988 1461 angustata
1018 1409 1089 1462 (ut
1117 1410 1160 1450 in
1189 1411 1240 1450 D.
1272 1409 1508 1460 orientali).
1547 1411 1730 1450 Amenta
1758 1423 1833 1450 so-

230 1487 423 1540 „litaria,
454 1486 497 1527 in
526 1487 646 1539 apice
675 1487 932 1527 ramulorum
963 1487 1182 1539 axillaria,
1217 1486 1421 1540 pedicello
1452 1499 1627 1539 crasso,
1660 1486 1833 1527 brevis-

231 1561 361 1614 „simo
400 1562 604 1613 suffulta3
646 1562 838 1602 mascula
867 1562 1129 1616 cylindrica,
1171 1567 1339 1614 erecta,
1378 1561 1588 1615 uncialia,
1628 1562 1832 1603 diametro

233 1639 504 1694 „bilinearia,
533 1639 656 1679 valde
679 1643 911 1694 compacta,
941 1640 1178 1692 imbricata,
1209 1640 1327 1694 dura,
1355 1639 1446 1680 basi
1470 1639 1685 1679 nonnullis
1707 1639 1834 1679 brac-

231 1716 387 1768 „teolis
426 1715 664 1756 rotundatis
705 1715 941 1756 instructa:
982 1715 1174 1756 antheris
1212 1716 1256 1756 in
1284 1715 1454 1766 singula
1481 1728 1656 1769 squama
1683 1717 1707 1757 5
1735 1729 1775 1755 v.
1809 1716 1833 1757 6

233 1793 470 1848 „pendulis,
497 1793 573 1834 sub
594 1793 708 1846 pelta
726 1807 768 1834 v.
792 1793 924 1834 crista
942 1805 1127 1833 convexa
1145 1793 1474 1848 suborbiculata,
1504 1806 1663 1848 crassa,
1693 1806 1832 1846 ossea,

233 1871 540 1922 „integerrima
578 1870 768 1925 adnatis,
809 1870 881 1911 vix
919 1870 1031 1911 inter
1059 1884 1105 1911 se
1136 1870 1325 1923 coalitis,
1369 1870 1485 1911 circa
1512 1870 1625 1910 latus
1651 1870 1834 1911 inferius

232 1938 494 2001 „columellae
525 1947 766 2002 dispositis,
796 1948 982 1999 singulis
1010 1948 1168 2001 polline
1197 1948 1424 2001 sulphureo
1454 1947 1660 2001 turgidis,
1689 1946 1835 1987 unilo-

234 2024 491 2078 „cularibus‚
521 2024 632 2064 rima
659 2024 957 2074 longitudinali
983 2025 1323 2075 dehiscentibus3
1352 2025 1540 2065 feminea
1563 2029 1728 2078 erecta,
1759 2024 1835 2063 ob-

236 2100 405 2154 „longa,
437 2101 637 2151 uncialia,
670 2101 877 2153 pedicello
906 2102 1158 2142 brevissimo
1189 2102 1539 2155 crassissimoque
1568 2102 1709 2152 ligneo
1739 2101 1835 2142 suf-

235 2176 383 2229 „fulta.
430 2175 607 2216 Strobili
636 2176 799 2230 sparsi,
828 2176 870 2216 in
899 2190 1062 2218 summo
1091 2178 1350 2217 ramulorum
1377 2178 1586 2231 solitarii,
1616 2177 1835 2232 turbinati,

233 2252 410 2306 „erecti,
439 2252 695 2305 pedicillati:
727 2253 913 2304 squamis
938 2253 1150 2306 brevibus,
1179 2253 1387 2294 latissime
1421 2254 1639 2307 cuneatis,
1658 2254 1835 2306 crassis,

237 2328 494 2383 „coriaceis,
525 2332 641 2368 arcte
672 2328 938 2383 imbricatis,
969 2329 1082 2370 intus
1110 2329 1399 2382 ferrugineis,
1429 2329 1618 2380 margine
1649 2329 1836 2369 dilatatis

237 2405 478 2456 „undulatis
517 2410 640 2459 atque
686 2406 1044 2460 membranaceis,
1088 2410 1206 2447 extus
1234 2419 1386 2446 versus
1416 2406 1577 2458 apicem
1607 2405 1836 2445 crassiori-

238 2482 364 2535 „bus‚
395 2481 572 2535 ligneis,
604 2481 921 2535 cartilagineis,
952 2481 1220 2534 laevissimis,
1250 2481 1380 2535 duris,
1409 2482 1601 2534 plumbeo
1631 2481 1837 2534 cinereis‚

238 2559 382 2612 „apice
410 2559 566 2611 patulis
595 2559 748 2599 acutis.
815 2559 991 2600 Semina
1025 2559 1147 2614 bina,
1185 2564 1393 2614 cuneata,
1430 2559 1579 2613 fusca,
1622 2558 1740 2612 apice
1770 2558 1839 2599 ala

238 2634 513 2686 „tenuissime
542 2635 861 2675 membranacea
888 2635 1168 2686 integerrima
1196 2635 1384 2690 obliqua,
1413 2635 1571 2690 pallida
1589 2633 1837 2676 instructa.“

239 2710 387 2751 Lamb.
415 2712 442 2751 I.
469 2724 504 2751 c.

293 2789 448 2828 Semen
476 2788 552 2828 sub
583 2789 731 2848 quavis
760 2803 936 2844 squama
963 2789 1154 2845 unicum,
1183 2803 1262 2831 nec
1292 2790 1460 2841 gemina
1487 2796 1533 2832 ut
1563 2792 1617 2832 cl.
1637 2792 1840 2833 Lambert

242 2863 424 2917 asserit,
466 2877 544 2904 nec
582 2879 761 2918 unquam
791 2867 1011 2920 aequaliter
1038 2866 1260 2919 bialatum,
1299 2867 1419 2920 quale
1449 2881 1475 2908 a
1503 2867 1555 2908 cl.
1584 2868 1837 2910 Zuccarinio

241 2939 444 2993 pingitur,
473 2940 586 2980 inter
614 2947 795 2982 centena
823 2947 865 2983 et
894 2942 1068 2983 millena
1095 2942 1194 2983 vidi.

297 3015 434 3055 Arbor
463 3017 642 3058 resinam
673 3019 811 3070 plorat
840 3019 1192 3073 masticatoriam,
1230 3021 1360 3060 Novae
1389 3020 1626 3060 Zeelandiae
1655 3023 1837 3062 autoch-

246 3090 442 3131 thonibus
467 3091 595 3145 Vare,
626 3095 779 3145 Anglis
798 3095 1107 3149 Koudi-youm
1127 3096 1306 3149 dictam,
1338 3110 1358 3135 e-
1390 3109 1469 3148 qua
1499 3096 1706 3146 indigenae
1735 3099 1836 3149 pig—

249 3164 375 3204 menti
418 3167 596 3218 speciem
637 3169 900 3222 (rayca-aha]
939 3171 1154 3223 obtinent,
1194 3184 1271 3222 quo
1314 3171 1351 3209 in
1390 3171 1585 3210 fucandis
1628 3171 1836 3213 indelebili

246 3241 445 3290 stigmate
475 3244 718 3296 corporibus
748 3251 931 3286 utuntur.
