2197 3649
875 168 1183 203 DACRYDIUM.
1762 159 1877 209 225

248 290 453 341 Arbores
471 308 712 357 procerte,
758 296 1168 358 sempervirentes,
1209 295 1262 342 in
1304 293 1452 342 India
1494 294 1719 342 orientali
1751 303 1792 342 et
1828 296 1881 342 in

180 390 319 441 Nova
371 392 634 440 Zeelauclia
680 393 945 455 iudiqenoe,
1000 394 1370 448 ramosissimoe,
1418 392 1573 439 ramis
1614 407 1734 455 saepe
1769 408 1882 455 pen-

182 491 323 539 dulis.
396 490 536 539 Folia
569 507 783 547 acerosa,
828 492 1110 540 decussatim
1141 493 1378 556 opposita,
1429 491 1747 546 decurrentia,
1791 507 1883 539 un-

182 591 320 655 dique
354 593 681 656 stomatiqera.
734 591 899 641 Flores
927 593 1223 647 terminales,
1265 592 1427 639 ea‘iles.
1490 589 1702 640 Gemmoe
1722 590 1881 640 uudoe.

524 726 568 772 1.
621 726 923 773 DACRYDIUM
960 738 1302 772 CUPRESSINUM
1338 722 1545 771 Soland.

249 823 565 889 Dacrydium
599 823 735 872 foliis
769 823 1018 872 subulatis
1050 821 1675 887 squarroso-patentihus
1700 838 1746 870 v.
1770 821 1884 870 laxe

179 905 478 963 imbricatis,
505 905 786 953 seminibus
812 905 864 952 in
888 903 1206 952 ramulorum
1233 902 1379 967 apice
1407 917 1602 951 cernuo
1629 901 1885 950 solitariis.

286 1003 376 1042 The
407 1004 569 1054 Spruce
598 1003 676 1042 Fir
704 1002 754 1041 of
776 1000 1093 1043 New-Zealand
1123 999 1238 1039 Cook
1266 1000 1329 1038 II.
1366 999 1468 1052 Voy.
1493 999 1529 1039 Ι.
1557 1000 1621 1040 70.
1647 1004 1675 1038 t.
1701 999 1767 1039 51.

287 1079 549 1131 Dacrydium
565 1077 854 1130 cupressinum
876 1077 1092 1116 Solamler
1106 1077 1153 1115 in
1167 1077 1353 1115 For-scer
1365 1076 1510 1115 Plant.
1526 1087 1612 1115 esc.
1628 1077 1693 1116 80.
1720 1074 1884 1114 Prodr.

339 1153 405 1194 92.
461 1153 668 1193 Lambert
692 1153 795 1192 Pin.
825 1152 910 1192 Ed.
940 1151 975 1192 1.
1002 1153 1066 1193 93.
1094 1158 1121 1192 t.
1146 1151 1212 1192 41.
1253 1149 1336 1191 Ed.
1361 1150 1400 1191 2.
1427 1151 1486 1191 ΙΙ.
1515 1157 1544 1191 t.
1570 1151 1633 1192 69.
1690 1151 1888 1190 Richard

342 1230 485 1282 Conif.
515 1232 578 1272 16.
605 1236 632 1270 t.
658 1230 697 1271 2.
723 1228 758 1280 Γ.
786 1230 824 1270 3.
876 1229 928 1268 Α.
955 1229 1153 1268 Richard
1175 1230 1298 1269 Flor.
1324 1229 1433 1268 Nov.
1459 1226 1664 1268 Zeeland.
1690 1228 1780 1269 361.
1834 1227 1884 1266 A.

343 1306 587 1358 Canninyh.
615 1306 662 1344 in
685 1305 842 1344 Amzal.
870 1303 926 1354 of*
942 1310 1028 1343 nat.
1056 1304 1158 1344 hist.
1184 1304 1220 1343 I.
1246 1303 1338 1345 214.

285 1382 509 1422 Thalamia
537 1381 783 1434 cupressina
811 1381 1029 1433 Sprerzyel
1050 1380 1170 1432 Syst.
1196 1380 1280 1420 ΙΙΙ.
1309 1381 1401 1421 890.

285 1458 412 1498 Dium
440 1468 475 1497 s.
506 1457 635 1497 Rium
664 1456 773 1496 Nov.
800 1457 920 1496 Zeel.

249 1546 455 1594 Habitat
487 1547 539 1594 iu
569 1545 707 1596 Nova
735 1544 999 1594 Zeelaudia
1031 1544 1190 1592 media
1225 1551 1267 1591 et
1295 1544 1519 1599 australi,
1549 1544 1707 1606 sylvas
1729 1551 1890 1592 vastas

184 1630 459 1693 efformaus.

336 1725 477 1767 Arbor
505 1725 695 1778 excelsa,
733 1725 942 1764 interdum
971 1724 1072 1765 200¹
1103 1723 1372 1763 altitudinem
1403 1736 1595 1777 aequans,
1625 1722 1759 1763 ramis
1787 1735 1889 1774 pro-

285 1802 584 1856 pendentibus,
625 1801 804 1841 ramulis
834 1800 1012 1854 foliatis,
1044 1799 1337 1851 multipliciter
1369 1800 1608 1839 dichotome
1645 1797 1887 1852 ramulosis,

285 1878 534 1930 gracilibus.
609 1878 733 1918 Folia
773 1870 1029 1918 decussatim
1074 1877 1286 1930 opposita,
1329 1876 1634 1931 quadrifariam
1676 1875 1886 1929 patentia,

287 1955 594 2009 teretiuscula,
633 1967 802 1994 sursum
842 1958 1078 2007 attenuata,
1119 1958 1243 1993 acuta
1282 1957 1322 1993 et
1350 1951 1683 2006 subpungentia‚
1717 1951 1888 1991 basibus

288 2032 437 2070 adnato
467 2031 789 2070 decurrentibus
819 2029 1033 2080 contiguis
1063 2030 1250 2069 ramulos
1278 2029 1482 2080 tegentia.

341 2106 594 2159 „Reperitur
631 2106 672 2145 in
710 2107 832 2147 Nova
866 2105 1118 2160 Zeelandia,
1161 2105 1230 2145 ubi
1262 2105 1452 2145 Cookius
1491 2118 1512 2144 e
1534 2104 1777 2154 junioribus
1815 2117 1890 2144 ra-

290 2171 544 2235 „musculis‚
573 2182 695 2221 foliis
722 2181 890 2221 tenellis
919 2180 1103 2234 onustis,
1134 2186 1175 2220 et
1204 2181 1379 2221 materie
1408 2181 1603 2221 resinosa
1630 2181 1889 2220 amaricante

289 2259 578 2311 „scatentibus
607 2262 748 2311 potum
780 2257 997 2297 cerevisiae
1028 2257 1328 2311 quodammodo
1366 2257 1548 2296 similem
1590 2257 1731 2310 parari
1762 2256 1890 2305 jube—

290 2337 408 2387 „bat7
448 2337 569 2384 cujus
596 2334 884 2387 praestantiam
914 2333 954 2372 in
985 2334 1127 2372 morbo
1158 2332 1398 2372 scorbutico
1437 2331 1611 2372 disertis
1639 2331 1782 2372 verbis
1813 2345 1888 2372 ex-

290 2413 429 2465 „tollit
457 2412 498 2451 in
529 2411 808 2464 hodoeporico
847 2416 889 2450 et
926 2410 1231 2450 succedaneum
1271 2415 1413 2462 potum
1449 2409 1686 2463 cerevisiae,
1716 2422 1737 2447 e
1767 2407 1890 2448 taleis

290 2489 409 2540 „Pini
440 2488 691 2528 canadensis
723 2486 932 2541 confecti,
963 2486 1085 2540 inque
1112 2485 1313 2525 Amerina
1341 2484 1677 2538 septemtrionali
1707 2489 1750 2524 et
1778 2484 1891 2523 inter

289 2570 467 2617 „nautas
505 2564 742 2617 notissimi,
787 2563 914 2614 vulgo
958 2562 1248 2616 Spruce-beer
1287 2575 1380 2602 esse
1410 2561 1559 2601 voluit.
1627 2561 1720 2601 Non
1749 2565 1889 2599 tamen

290 2643 552 2694 „negandum
590 2646 681 2694 est,
720 2641 831 2680 hunc
862 2653 883 2679 e
912 2638 1127 2691 Dacrydio
1159 2637 1407 2691 cupressino
1435 2641 1627 2689 paratum
1654 2640 1794 2689 potum
1819 2635 1891 2684 je-

290 2718 431 2769 „junis
468 2729 665 2757 nauseam
705 2722 745 2756 et
774 2715 1029 2767 vertiginem
1069 2714 1308 2767 induxisse,
1349 2727 1479 2767 parvo
1513 2711 1712 2766 temporis
1751 2710 1889 2763 spatio

291 2795 539 2848 „interjecto
571 2792 902 2834 transeuntem.“
959 2794 1142 2832 Forster
1171 2793 1197 2831 l.
1225 2805 1261 2831 c.

511 2914 560 2961 2.
605 2914 908 2960 DACRYDIUM
945 2923 1259 2958 LAXIFOLILM
1306 2908 1460 2957 Hook
1496 2907 1566 2956 fil.

254 3011 566 3075 Dacrydium
611 3010 745 3059 soliis
787 3009 897 3058 aliis
941 3008 1284 3057 acicularibus
1328 3007 1524 3056 obtusis
1567 3006 1888 3071 patentibuS,

189 3093 298 3143 aliis
336 3090 497 3139 ovatis
536 3091 691 3139 dorso
720 3089 960 3138 carinatis
986 3088 1295 3146 imbricatis,
1335 3087 1614 3137 seminibus
1639 3086 1692 3134 in
1717 3101 1888 3133 ramu-

186 3174 355 3222 lorum
383 3170 529 3235 apice
555 3170 732 3218 stricto
758 3169 1015 3218 solitariis.

1418 3267 1478 3313 15
