2197 3649
609 554 664 620 l.
720 549 1307 621 JUNIPERUS
1364 551 1571 617 Linn.

271 689 275 696 „
351 704 583 758 Juniperus
611 703 744 744 Linn.
769 705 872 745 Gen.
892 706 951 758 pl.
974 717 1019 745 n.
1043 705 1158 746 1134.
1201 703 1392 744 G'cirtner
1412 703 1639 757 Carpoloq.
1663 704 1718 744 ΙΙ.
1742 705 1806 746 62.
1830 712 1857 745 t.
1881 706 1943 746 91.

401 779 608 821 Schkuhr
633 781 799 821 Handb.
830 786 858 821 t.
890 781 979 823 338.
1010 781 1208 821 Richard
1237 779 1381 832 Gonif.
1416 781 1502 822 137.
1536 787 1564 820 t.
1584 782 1620 821 5.
1641 781 1678 821 6.
1710 781 1822 821 Nees
1839 781 1944 831 jun.

405 857 509 897 Gen.
535 858 597 909 pl.
628 857 749 897 Flor.
778 869 916 910 yerm.
948 857 1007 897 ΙΙ.
1040 857 1103 899 12.
1152 857 1345 898 Meisner
1373 857 1476 897 Gen.
1509 858 1598 899 352.
1631 857 1769 907 (263.)
1817 856 1944 896 Endl.

403 933 506 972 Gen.
532 934 594 986 pl.
625 945 668 972 η.
702 934 817 974 1789.
868 933 1015 986 Spach
1043 933 1091 973 in
1116 933 1271 973 Annal.
1303 945 1366 974 sc.
1397 941 1483 974 nat.
1513 935 1554 976 2.
1585 934 1681 973 Ser.
1713 932 1824 972 XVI.
1854 933 1946 974 282.

403 1009 517 1049 Hist.
539 1016 626 1049 nat.
653 1010 748 1063 Vey.
767 1011 952 1063 phaner.
975 1010 1052 1051 XI.
1076 1012 1167 1052 305.
1213 1011 1444 1064 Juniperus
1475 1017 1516 1052 et
1542 1011 1703 1052 Cedrus
1733 1008 1944 1060 Tournef.

402 1085 510 1126 [nst.
539 1087 631 1127 361.
688 1087 994 1140 'Phuiaecarpus
1023 1087 1263 1128 Trautvett.
1293 1087 1430 1141 [may.
1458 1089 1593 1141 plant.
1627 1088 1690 1128 11.

312 1204 476 1253 Flores
507 1204 663 1252 dioici
695 1210 783 1253 aut
811 1205 978 1254 rarius
1010 1205 1063 1253 in
1096 1205 1252 1254 ramis
1285 1205 1499 1254 diversis
1531 1205 1773 1255 monoici.
1833 1204 1947 1254 Sta-

245 1305 414 1368 mim‘q.
447 1302 651 1352 Amenta
677 1303 910 1353 axillaria
932 1321 979 1353 v.
1006 1304 1418 1363 subterminalia,
1456 1305 1692 1371 globosa,
1729 1306 1870 1355 nuda
1899 1323 1945 1354 v.

244 1403 356 1452 basi
388 1403 524 1452 foliis
555 1394 837 1453 imbricatis
872 1403 1173 1469 calyculata.
1235 1403 1464 1453 Stamina
1496 1404 1739 1469 plurima,
1775 1405 1828 1453 in
1866 1406 1946 1454 axi

244 1504 559 1553 decussatim
597 1504 836 1569 opposita
869 1521 916 1552 v.
953 1504 1194 1554 ternatim
1237 1504 1567 1563 verticillata‚
1617 1505 1945 1570 quadri-sex-

241 1603 423 1653 fariam
449 1604 744 1663 imbricata3
783 1606 1029 1668 filamenta
1053 1604 1384 1663 brevissima,
1420 1604 1474 1652 in
1506 1604 1795 1654 connectivi
1825 1621 1946 1670 pro-

243 1720 448 1753 cessum
475 1704 769 1753 excentrice
794 1704 1074 1770 peltatum,
1113 1703 1566 1769 squamaeformem
1591 1704 1945 1753 suborhicula*

240 1811 376 1861 tum,
414 1804 874 1852 membranaceum
907 1809 994 1852 aut
1026 1803 1352 1861 coriaceum‚
1390 1804 1636 1852 muticum
1664 1820 1710 1852 v.
1738 1819 1943 1852 mucro—

240 1908 442 1961 natum,
481 1903 660 1952 subtus
692 1903 926 1968 margine
962 1902 1208 1952 inferiore
1247 1906 1422 1952 loculos
1457 1904 1486 1951 3
1525 1920 1570 1951 v.
1604 1904 1634 1951 6
1665 1903 1942 1968 longitudi-

239 2002 423 2052 naliter
461 2002 790 2052 dehiscentes
830 2009 1099 2069 gerentem
1135 2004 1405 2068 producta.
1479 2003 1703 2068 Seminis.
1740 2002 1942 2052 Amenta

241 2102 471 2151 axillaria
488 2119 535 2150 v.
554 2103 609 2150 in
627 2103 838 2151 ramulis
858 2100 1157 2152 lateralibus
1184 2103 1410 2152 solitarie
1441 2103 1743 2152 terminalia.
1783 2104 1941 2167 Squa-

241 2218 330 2250 mae
364 2204 703 2266 qemmu-liferoe
735 2218 993 2260 carnosae,
1031 2204 1125 2251 sub
1163 2204 1306 2267 apice
1343 2204 1571 2252 breviter
1604 2211 1940 2261 mucronatae‚

238 2301 290 2349 in
308 2301 570 2350 verticillis
597 2301 749 2348 2-3
776 2308 990 2350 ternatae
1017 2319 1063 2350 v.
1092 2303 1404 2350 decussatim
1443 2303 1722 2367 oppositae,
1761 2320 1940 2353 omnes

235 2401 546 2449 imbricatim
578 2401 946 2465 approximatae
981 2408 1031 2449 et
1056 2401 1171 2465 plus
1203 2402 1373 2450 minus
1404 2402 1538 2451 inter
1570 2419 1624 2451 se
1657 2403 1710 2451 in
1741 2403 1939 2452 involu-

239 2517 381 2548 crum
409 2500 554 2564 api-ce
581 2499 817 2565 pervium
844 2499 1064 2559 coalitae,
1091 2500 1291 2550 extimae
1317 2501 1583 2550 breviores
1610 2502 1838 2560 steriles,
1865 2503 1939 2550 in-

237 2599 372 2648 times
398 2599 508 2648 basi
535 2599 846 2665 gemmulam
871 2599 1079 2648 unicam
1104 2616 1150 2648 v.
1179 2600 1305 2649 duas
1334 2600 1657 2650 collaterales
1685 2609 1939 2667 gerentes.

242 2699 503 2749 Gemvnuloe
541 2707 756 2758 erectae,
795 2705 1016 2764 atropae,
1054 2700 1337 2766 micropyle
1376 2701 1630 2750 terminali
1666 2702 1718 2750 in
1751 2702 1938 2751 collum

237 2801 393 2849 breve
430 2801 684 2865 producta
726 2799 1135 2865 lagenaeformes.
1225 2800 1454 2867 Galbzclus
1491 2818 1517 2850 e
1556 2801 1781 2866 squamis
1827 2818 1937 2850 car-

237 2900 376 2948 nosis
405 2906 454 2948 et
481 2916 506 2948 e
535 2899 816 2948 seminibus
845 2899 1033 2957 osseiS,
1074 2899 1323 2949 distinctis
1358 2918 1401 2948 v.
1428 2900 1689 2949 rarissime
1715 2902 1766 2949 iu
1792 2908 1930 2966 puta-

239 2998 386 3046 minis
418 3000 647 3063 speciem
673 2999 806 3047 inter
831 3015 885 3047 se
914 2998 1108 3047 coalitis
1145 3000 1464 3064 (li-iipaceiis,
1503 3001 1696 3049 vertice
1733 2999 1936 3048 umbili-

239 3103 409 3153 catus,
446 3097 584 3146 laevis
611 3114 657 3145 v.
685 3097 1066 3155 tuberculatus‚
1105 3098 1382 3148 3—6-8
1409 3115 1643 3163 speruius
1676 3115 1721 3146 v.
1749 3098 1934 3162 saepius

237 3195 420 3243 abortu
458 3212 870 3261 monospermus.
947 3196 1146 3245 Semina
1185 3203 1384 3250 erecta.
1435 3197 1810 3261 subtriquetra,
1859 3197 1934 3244 in-
