<?xml version="1.0" encoding="UTF-8"?>
<!DOCTYPE html PUBLIC "-//W3C//DTD XHTML 1.0 Transitional//EN"
    "http://www.w3.org/TR/xhtml1/DTD/xhtml1-transitional.dtd">
<html xmlns="http://www.w3.org/1999/xhtml" xml:lang="en" lang="en">
 <head>
  <title>
</title>
<meta http-equiv="Content-Type" content="text/html;charset=utf-8" />
  <meta name='ocr-system' content='tesseract 3.04.00' />
  <meta name='ocr-capabilities' content='ocr_page ocr_carea ocr_par ocr_line ocrx_word'/>
</head>
<body>
  <div class='ocr_page' id='page_1' title='image "./synopsisconifera1847endl/synopsisconifera1847endl_0007.png"; bbox 0 0 2197 3649; ppageno 0'>
   <div class='ocr_carea' id='block_1_1' title="bbox 308 920 1776 988">
    <p class='ocr_par' dir='ltr' id='par_1_1' title="bbox 308 920 1776 988">
     <span class='ocr_line' id='line_1_1' title="bbox 308 920 1776 988; baseline 0.001 -1"><span class='ocrx_word' id='word_1_1' title='bbox 308 920 733 988; x_wconf 65' lang='lat' dir='ltr'><strong>EDU‘ARDO</strong></span> <span class='ocrx_word' id='word_1_2' title='bbox 779 930 1054 987; x_wconf 85' lang='lat' dir='ltr'>FENZL</span> <span class='ocrx_word' id='word_1_3' title='bbox 1100 931 1182 987; x_wconf 87' lang='grc' dir='ltr'>Μ.</span> <span class='ocrx_word' id='word_1_4' title='bbox 1222 931 1296 988; x_wconf 83' lang='grc' dir='ltr'>Ι).</span> <span class='ocrx_word' id='word_1_5' title='bbox 1342 926 1776 988; x_wconf 87' lang='lat' dir='ltr'><strong>SALUTEM.</strong></span> 
     </span>
    </p>
   </div>
   <div class='ocr_carea' id='block_1_2' title="bbox 180 1171 1898 3187">
    <p class='ocr_par' dir='ltr' id='par_1_2' title="bbox 186 1171 1896 1525">
     <span class='ocr_line' id='line_1_2' title="bbox 347 1171 1896 1255; baseline 0.001 -25"><span class='ocrx_word' id='word_1_6' title='bbox 347 1173 645 1231; x_wconf 83' lang='lat' dir='ltr'>Libellum</span> <span class='ocrx_word' id='word_1_7' title='bbox 694 1173 764 1230; x_wconf 87' lang='lat' dir='ltr'>de</span> <span class='ocrx_word' id='word_1_8' title='bbox 807 1173 1118 1230; x_wconf 82' lang='lat' dir='ltr'><strong>arboribus</strong></span> <span class='ocrx_word' id='word_1_9' title='bbox 1148 1171 1441 1230; x_wconf 83' lang='lat' dir='ltr'>Coniferis</span> <span class='ocrx_word' id='word_1_10' title='bbox 1485 1176 1671 1249; x_wconf 81' lang='lat' dir='ltr'>mitto,</span> <span class='ocrx_word' id='word_1_11' title='bbox 1723 1197 1896 1255; x_wconf 87' lang='lat' dir='ltr'>quem</span> 
     </span>
     <span class='ocr_line' id='line_1_3' title="bbox 186 1308 1896 1390; baseline 0.001 -24"><span class='ocrx_word' id='word_1_12' title='bbox 186 1309 388 1388; x_wconf 82' lang='lat' dir='ltr'>elapsa</span> <span class='ocrx_word' id='word_1_13' title='bbox 432 1308 622 1367; x_wconf 84' lang='lat' dir='ltr'>hieme</span> <span class='ocrx_word' id='word_1_14' title='bbox 667 1318 920 1388; x_wconf 84' lang='lat' dir='ltr'>coeptum</span> <span class='ocrx_word' id='word_1_15' title='bbox 953 1310 1225 1390; x_wconf 74' lang='lat' dir='ltr'><strong>typisque</strong></span> <span class='ocrx_word' id='word_1_16' title='bbox 1264 1310 1474 1387; x_wconf 83' lang='lat' dir='ltr'>partim</span> <span class='ocrx_word' id='word_1_17' title='bbox 1518 1312 1896 1390; x_wconf 76' lang='lat' dir='ltr'>exscriptum,</span> 
     </span>
     <span class='ocr_line' id='line_1_4' title="bbox 189 1438 1267 1525; baseline 0 -21"><span class='ocrx_word' id='word_1_18' title='bbox 189 1469 344 1506; x_wconf 90' lang='lat' dir='ltr'>nunc</span> <span class='ocrx_word' id='word_1_19' title='bbox 383 1447 615 1506; x_wconf 90' lang='lat' dir='ltr'>demum</span> <span class='ocrx_word' id='word_1_20' title='bbox 654 1438 990 1504; x_wconf 80' lang='lat' dir='ltr'>absolutum</span> <span class='ocrx_word' id='word_1_21' title='bbox 1031 1448 1267 1525; x_wconf 82' lang='lat' dir='ltr'>accipio.</span> 
     </span>
    </p>

    <p class='ocr_par' dir='ltr' id='par_1_3' title="bbox 180 1583 1898 3187">
     <span class='ocr_line' id='line_1_5' title="bbox 353 1583 1898 1668; baseline 0.001 -26"><span class='ocrx_word' id='word_1_22' title='bbox 353 1584 684 1667; x_wconf 77' lang='lat' dir='ltr'>Magnificae</span> <span class='ocrx_word' id='word_1_23' title='bbox 728 1584 1062 1664; x_wconf 80' lang='lat' dir='ltr'>plantarum</span> <span class='ocrx_word' id='word_1_24' title='bbox 1106 1583 1340 1642; x_wconf 84' lang='lat' dir='ltr'>familiae</span> <span class='ocrx_word' id='word_1_25' title='bbox 1386 1584 1713 1661; x_wconf 74' lang='lat' dir='ltr'>historiam,</span> <span class='ocrx_word' id='word_1_26' title='bbox 1758 1610 1898 1668; x_wconf 80' lang='lat' dir='ltr'>qua-</span> 
     </span>
     <span class='ocr_line' id='line_1_6' title="bbox 191 1722 1897 1805; baseline 0.001 -24"><span class='ocrx_word' id='word_1_27' title='bbox 191 1725 305 1783; x_wconf 91' lang='lat' dir='ltr'>lem</span> <span class='ocrx_word' id='word_1_28' title='bbox 348 1722 737 1805; x_wconf 74' lang='lat' dir='ltr'>monographi</span> <span class='ocrx_word' id='word_1_29' title='bbox 781 1722 1037 1782; x_wconf 81' lang='lat' dir='ltr'>botanici</span> <span class='ocrx_word' id='word_1_30' title='bbox 1081 1722 1270 1781; x_wconf 83' lang='lat' dir='ltr'>solent</span> <span class='ocrx_word' id='word_1_31' title='bbox 1315 1723 1704 1801; x_wconf 82' lang='lat' dir='ltr'>conscribere,</span> <span class='ocrx_word' id='word_1_32' title='bbox 1750 1728 1897 1804; x_wconf 87' lang='lat' dir='ltr'>ipse-</span> 
     </span>
     <span class='ocr_line' id='line_1_7' title="bbox 187 1860 1896 1944; baseline 0.001 -24"><span class='ocrx_word' id='word_1_33' title='bbox 187 1885 302 1944; x_wconf 85' lang='lat' dir='ltr'>que</span> <span class='ocrx_word' id='word_1_34' title='bbox 330 1861 401 1921; x_wconf 88' lang='lat' dir='ltr'>de</span> <span class='ocrx_word' id='word_1_35' title='bbox 431 1860 807 1920; x_wconf 79' lang='lat' dir='ltr'>Alsinearum</span> <span class='ocrx_word' id='word_1_36' title='bbox 851 1860 1052 1919; x_wconf 89' lang='lat' dir='ltr'>ordine</span> <span class='ocrx_word' id='word_1_37' title='bbox 1093 1874 1354 1941; x_wconf 81' lang='lat' dir='ltr'>paratam</span> <span class='ocrx_word' id='word_1_38' title='bbox 1391 1884 1617 1939; x_wconf 62' lang='lat' dir='ltr'>servam,</span> <span class='ocrx_word' id='word_1_39' title='bbox 1662 1865 1896 1922; x_wconf 87' lang='lat' dir='ltr'>minime</span> 
     </span>
     <span class='ocr_line' id='line_1_8' title="bbox 186 2000 1894 2081; baseline 0.001 -22"><span class='ocrx_word' id='word_1_40' title='bbox 186 2024 218 2059; x_wconf 79' lang='lat' dir='ltr'>a</span> <span class='ocrx_word' id='word_1_41' title='bbox 261 2024 353 2060; x_wconf 90' lang='lat' dir='ltr'>me</span> <span class='ocrx_word' id='word_1_42' title='bbox 399 2003 651 2081; x_wconf 87' lang='lat' dir='ltr'>proponi</span> <span class='ocrx_word' id='word_1_43' title='bbox 694 2000 949 2060; x_wconf 88' lang='lat' dir='ltr'>voluisse</span> <span class='ocrx_word' id='word_1_44' title='bbox 992 2001 1085 2060; x_wconf 84' lang='lat' dir='ltr'>vel</span> <span class='ocrx_word' id='word_1_45' title='bbox 1142 2003 1404 2081; x_wconf 88' lang='lat' dir='ltr'>potuisse</span> <span class='ocrx_word' id='word_1_46' title='bbox 1460 2004 1614 2062; x_wconf 85' lang='lat' dir='ltr'>nosti</span> <span class='ocrx_word' id='word_1_47' title='bbox 1655 2003 1788 2080; x_wconf 74' lang='lat' dir='ltr'>Tu,</span> <span class='ocrx_word' id='word_1_48' title='bbox 1835 2007 1894 2061; x_wconf 91' lang='lat' dir='ltr'>in</span> 
     </span>
     <span class='ocr_line' id='line_1_9' title="bbox 186 2141 1892 2220; baseline 0.002 -23"><span class='ocrx_word' id='word_1_49' title='bbox 186 2142 347 2197; x_wconf 90' lang='lat' dir='ltr'>cuius</span> <span class='ocrx_word' id='word_1_50' title='bbox 391 2141 683 2197; x_wconf 86' lang='lat' dir='ltr'>consortio</span> <span class='ocrx_word' id='word_1_51' title='bbox 722 2150 918 2197; x_wconf 85' lang='lat' dir='ltr'>natum</span> <span class='ocrx_word' id='word_1_52' title='bbox 958 2152 1045 2198; x_wconf 91' lang='lat' dir='ltr'>est</span> <span class='ocrx_word' id='word_1_53' title='bbox 1086 2141 1434 2220; x_wconf 91' lang='lat' dir='ltr'>opusculum</span> <span class='ocrx_word' id='word_1_54' title='bbox 1476 2151 1531 2199; x_wconf 86' lang='lat' dir='ltr'>et</span> <span class='ocrx_word' id='word_1_55' title='bbox 1572 2141 1892 2200; x_wconf 84' lang='lat' dir='ltr'>educatum.</span> 
     </span>
     <span class='ocr_line' id='line_1_10' title="bbox 184 2275 1893 2356; baseline 0.004 -24"><span class='ocrx_word' id='word_1_56' title='bbox 184 2275 368 2351; x_wconf 78' lang='lat' dir='ltr'>Nam,</span> <span class='ocrx_word' id='word_1_57' title='bbox 443 2296 616 2356; x_wconf 85' lang='lat' dir='ltr'>quem</span> <span class='ocrx_word' id='word_1_58' title='bbox 677 2278 736 2332; x_wconf 92' lang='lat' dir='ltr'>in</span> <span class='ocrx_word' id='word_1_59' title='bbox 795 2297 956 2333; x_wconf 89' lang='lat' dir='ltr'>meos</span> <span class='ocrx_word' id='word_1_60' title='bbox 1017 2287 1072 2334; x_wconf 86' lang='lat' dir='ltr'>et</span> <span class='ocrx_word' id='word_1_61' title='bbox 1127 2277 1294 2336; x_wconf 89' lang='lat' dir='ltr'>Tuos</span> <span class='ocrx_word' id='word_1_62' title='bbox 1352 2289 1407 2336; x_wconf 86' lang='lat' dir='ltr'>et</span> <span class='ocrx_word' id='word_1_63' title='bbox 1463 2282 1646 2338; x_wconf 89' lang='lat' dir='ltr'>musei</span> <span class='ocrx_word' id='word_1_64' title='bbox 1710 2285 1893 2340; x_wconf 79' lang='lat' dir='ltr'>nostri</span> 
     </span>
     <span class='ocr_line' id='line_1_11' title="bbox 180 2412 1891 2494; baseline 0.005 -25"><span class='ocrx_word' id='word_1_65' title='bbox 180 2435 320 2471; x_wconf 91' lang='lat' dir='ltr'>usus</span> <span class='ocrx_word' id='word_1_66' title='bbox 397 2412 620 2492; x_wconf 83' lang='lat' dir='ltr'>pridem</span> <span class='ocrx_word' id='word_1_67' title='bbox 705 2434 1115 2494; x_wconf 75' lang='lat' dir='ltr'>congesseram</span> <span class='ocrx_word' id='word_1_68' title='bbox 1186 2414 1592 2474; x_wconf 83' lang='lat' dir='ltr'>Coniferarum</span> <span class='ocrx_word' id='word_1_69' title='bbox 1678 2419 1891 2477; x_wconf 83' lang='lat' dir='ltr'>catalo-</span> 
     </span>
     <span class='ocr_line' id='line_1_12' title="bbox 185 2550 1892 2630; baseline 0.004 -22"><span class='ocrx_word' id='word_1_70' title='bbox 185 2573 325 2630; x_wconf 76' lang='lat' dir='ltr'>gum</span> <span class='ocrx_word' id='word_1_71' title='bbox 349 2595 365 2625; x_wconf 72' lang='lat'>‚</span> <span class='ocrx_word' id='word_1_72' title='bbox 425 2553 484 2608; x_wconf 90' lang='lat' dir='ltr'>in</span> <span class='ocrx_word' id='word_1_73' title='bbox 542 2550 698 2610; x_wconf 81' lang='lat' dir='ltr'>illam</span> <span class='ocrx_word' id='word_1_74' title='bbox 758 2554 970 2610; x_wconf 92' lang='lat' dir='ltr'>sensim</span> <span class='ocrx_word' id='word_1_75' title='bbox 1027 2551 1345 2611; x_wconf 82' lang='lat' dir='ltr'>adolevisse</span> <span class='ocrx_word' id='word_1_76' title='bbox 1403 2554 1651 2613; x_wconf 81' lang='lat' dir='ltr'>formam</span> <span class='ocrx_word' id='word_1_77' title='bbox 1698 2559 1892 2615; x_wconf 88' lang='lat' dir='ltr'>memi-</span> 
     </span>
     <span class='ocr_line' id='line_1_13' title="bbox 185 2689 1891 2770; baseline 0.004 -26"><span class='ocrx_word' id='word_1_78' title='bbox 185 2689 357 2764; x_wconf 76' lang='lat' dir='ltr'>neriS‚</span> <span class='ocrx_word' id='word_1_79' title='bbox 404 2698 467 2746; x_wconf 84' lang='lat' dir='ltr'>ut</span> <span class='ocrx_word' id='word_1_80' title='bbox 510 2690 837 2768; x_wconf 84' lang='lat' dir='ltr'>scriptionis</span> <span class='ocrx_word' id='word_1_81' title='bbox 871 2691 1043 2748; x_wconf 83' lang='lat' dir='ltr'>etiam</span> <span class='ocrx_word' id='word_1_82' title='bbox 1082 2691 1319 2769; x_wconf 83' lang='lat' dir='ltr'>privatae</span> <span class='ocrx_word' id='word_1_83' title='bbox 1365 2690 1713 2770; x_wconf 78' lang='lat' dir='ltr'>publicatio,</span> <span class='ocrx_word' id='word_1_84' title='bbox 1772 2716 1891 2752; x_wconf 91' lang='lat' dir='ltr'>non</span> 
     </span>
     <span class='ocr_line' id='line_1_14' title="bbox 181 2823 1890 2911; baseline 0.005 -30"><span class='ocrx_word' id='word_1_85' title='bbox 181 2823 353 2903; x_wconf 82' lang='lat' dir='ltr'>plane</span> <span class='ocrx_word' id='word_1_86' title='bbox 395 2824 643 2884; x_wconf 80' lang='lat' dir='ltr'>absurda</span> <span class='ocrx_word' id='word_1_87' title='bbox 688 2828 810 2884; x_wconf 84' lang='lat' dir='ltr'>visa</span> <span class='ocrx_word' id='word_1_88' title='bbox 857 2827 1065 2904; x_wconf 80' lang='lat' dir='ltr'>fuerit,</span> <span class='ocrx_word' id='word_1_89' title='bbox 1112 2851 1226 2910; x_wconf 85' lang='lat' dir='ltr'>qua</span> <span class='ocrx_word' id='word_1_90' title='bbox 1269 2832 1370 2911; x_wconf 89' lang='lat' dir='ltr'>qui</span> <span class='ocrx_word' id='word_1_91' title='bbox 1416 2829 1611 2889; x_wconf 88' lang='lat' dir='ltr'>volent</span> <span class='ocrx_word' id='word_1_92' title='bbox 1657 2841 1890 2890; x_wconf 89' lang='lat' dir='ltr'>utentur</span> 
     </span>
     <span class='ocr_line' id='line_1_15' title="bbox 182 2959 1887 3051; baseline 0.005 -32"><span class='ocrx_word' id='word_1_93' title='bbox 182 2959 498 3036; x_wconf 80' lang='lat' dir='ltr'>benevole,</span> <span class='ocrx_word' id='word_1_94' title='bbox 557 2965 659 3046; x_wconf 90' lang='lat' dir='ltr'>qui</span> <span class='ocrx_word' id='word_1_95' title='bbox 703 2964 943 3040; x_wconf 68' lang='lat' dir='ltr'>nolunt,</span> <span class='ocrx_word' id='word_1_96' title='bbox 1003 2967 1050 3024; x_wconf 90' lang='lat' dir='ltr'>si</span> <span class='ocrx_word' id='word_1_97' title='bbox 1092 2965 1263 3043; x_wconf 77' lang='lat' dir='ltr'>libet,</span> <span class='ocrx_word' id='word_1_98' title='bbox 1310 2978 1581 3046; x_wconf 76' lang='lat' dir='ltr'>carpant3</span> <span class='ocrx_word' id='word_1_99' title='bbox 1625 2972 1887 3051; x_wconf 83' lang='lat' dir='ltr'>quamvis</span> 
     </span>
     <span class='ocr_line' id='line_1_16' title="bbox 184 3098 1887 3187; baseline 0.006 -33"><span class='ocrx_word' id='word_1_100' title='bbox 184 3098 442 3177; x_wconf 82' lang='lat' dir='ltr'>qu-aedam</span> <span class='ocrx_word' id='word_1_101' title='bbox 501 3103 668 3160; x_wconf 79' lang='lat' dir='ltr'>etiam</span> <span class='ocrx_word' id='word_1_102' title='bbox 714 3103 771 3158; x_wconf 89' lang='lat' dir='ltr'>in</span> <span class='ocrx_word' id='word_1_103' title='bbox 816 3102 1053 3183; x_wconf 80' lang='lat' dir='ltr'>majoris</span> <span class='ocrx_word' id='word_1_104' title='bbox 1101 3104 1324 3163; x_wconf 91' lang='lat' dir='ltr'>consilii</span> <span class='ocrx_word' id='word_1_105' title='bbox 1370 3127 1577 3185; x_wconf 78' lang='lat' dir='ltr'>opere,</span> <span class='ocrx_word' id='word_1_106' title='bbox 1638 3108 1761 3187; x_wconf 83' lang='lat' dir='ltr'>ipsa</span> <span class='ocrx_word' id='word_1_107' title='bbox 1805 3110 1887 3166; x_wconf 86' lang='lat' dir='ltr'>rei</span> 
     </span>
    </p>
   </div>
   <div class='ocr_carea' id='block_1_3' title="bbox 181 3233 1884 3317">
    <p class='ocr_par' dir='ltr' id='par_1_4' title="bbox 181 3233 1884 3317">
     <span class='ocr_line' id='line_1_17' title="bbox 181 3233 1884 3317; baseline 0.006 -26"><span class='ocrx_word' id='word_1_108' title='bbox 181 3233 490 3295; x_wconf 81' lang='lat' dir='ltr'>difficultas</span> <span class='ocrx_word' id='word_1_109' title='bbox 530 3251 729 3317; x_wconf 86' lang='lat' dir='ltr'>posset</span> <span class='ocrx_word' id='word_1_110' title='bbox 774 3262 1069 3300; x_wconf 81' lang='lat' dir='ltr'>excusare.</span> <span class='ocrx_word' id='word_1_111' title='bbox 1158 3241 1284 3301; x_wconf 87' lang='lat' dir='ltr'>Nec</span> <span class='ocrx_word' id='word_1_112' title='bbox 1331 3254 1521 3303; x_wconf 80' lang='lat' dir='ltr'>tamen</span> <span class='ocrx_word' id='word_1_113' title='bbox 1552 3246 1610 3301; x_wconf 89' lang='lat' dir='ltr'>in</span> <span class='ocrx_word' id='word_1_114' title='bbox 1654 3247 1760 3303; x_wconf 82' lang='lat' dir='ltr'>ista</span> <span class='ocrx_word' id='word_1_115' title='bbox 1793 3245 1884 3303; x_wconf 83' lang='lat' dir='ltr'>vel</span> 
     </span>
    </p>
   </div>
  </div>
 </body>
</html>
