2197 3649
876 204 1212 242 PonocAnPus.
1768 195 1883 245 223

300 328 491 382 „demum
520 337 613 367 cum
642 326 718 367 illa
745 327 962 368 confluens
990 333 1033 368 et
1061 327 1104 367 in
1134 338 1258 368 unum
1283 338 1434 379 corpus
1463 326 1640 381 coalita,
1668 329 1788 382 apice
1818 330 1887 381 (ad

301 403 462 454 „basim
481 401 649 443 scilicet
669 401 855 452 fructus)
877 402 1086 443 foramine
1107 403 1334 456 conspicuo
1353 404 1588 455 perforata.
1644 405 1889 446 Membrana

300 478 503 531 „seminis
531 477 699 518 interna
726 482 847 519 testae
877 478 1106 519 cavitatem
1130 479 1308 531 implens
1332 483 1373 520 et
1393 491 1486 519 cum
1509 479 1587 520 illa
1608 493 1684 532 pro
1709 481 1891 523 maxima

299 559 446 608 „parte
476 554 717 608 cohaerens,
745 566 923 608 superne
953 554 995 594 in
1024 554 1143 595 brevi
1171 555 1308 609 spatio
1336 555 1493 609 libera,
1531 561 1736 608 aperturae
1774 570 1892 598 mar-

300 630 497 682 „ginibus
521 629 564 670 in
592 630 736 670 tubum
764 630 1078 681 longiusculum
1107 630 1385 683 cylindrioum
1401 661 1413 684 ,
1443 632 1561 685 apice
1588 633 1776 674 breviter
1802 636 1892 676 4—

300 707 513 761 „5fidum‚
554 712 674 748 extra
710 708 900 747 foramen
936 711 1056 748 testae
1084 706 1366 759 prominulum
1406 709 1637 760 productis.
1704 711 1891 752 Nucleus

299 794 421 836 „cum
447 783 541 824 basi
566 783 817 824 membranae
838 783 1013 824 internae
1035 783 1269 824 cohaerens.
1325 785 1477 825 Semen
1497 786 1663 839 penitus
1682 792 1892 828 maturum

299 858 438 911 „haud
465 859 628 911 visum,
666 860 739 900 sed
764 859 904 912 paullo
933 865 1029 900 ante
1059 860 1345 901 maturitatem
1373 861 1545 914 drupam
1573 862 1734 903 siccam
1762 876 1895 904 aemu-

302 935 447 987 „lans‚
489 935 811 989 subglobosum,
849 936 1094 976 mucronulo
1133 936 1406 990 inconspicuo
1443 951 1493 978 ex
1520 939 1638 992 apice
1666 940 1893 994 squamulae

301 1010 573 1062 „persistenti
603 1011 858 1051 instructum
868 1027 881 1064 3
910 1012 1132 1064 superficie
1160 1012 1384 1066 uniformi,
1414 1013 1525 1069 laevi,
1554 1014 1625 1054 vix
1653 1015 1740 1055 ulla
1764 1029 1895 1070 squa-

305 1087 453 1137 „mulae
474 1091 673 1141 testaeque
704 1087 975 1128 distinctione
1006 1093 1226 1129 manente:
1255 1089 1498 1130 membrana
1529 1090 1695 1132 interna
1721 1091 1896 1133 facilius

301 1174 450 1215 „quam
480 1161 523 1202 in
552 1162 712 1203 semine
734 1163 906 1211 juniore
934 1160 1148 1203 solubili.“
1203 1160 1385 1205 Bennett
1411 1166 1439 1205 I.
1467 1178 1505 1206 c.

500 1311 580 1359 39.
634 1311 967 1360 PonocAnPcs
1002 1325 1317 1361 DACRmmES
1352 1314 1410 1361 A.
1446 1314 1590 1363 Rich.

263 1424 622 1488 Dacrycarpus
665 1421 799 1470 foliis
844 1422 1081 1471 omnibus
1120 1423 1370 1472 subulatis
1412 1434 1896 1505 compresso-tetra-

197 1504 345 1570 gonis
382 1502 698 1552 mucronatis
738 1502 932 1568 glaucis
971 1502 1082 1552 aliis
1115 1503 1230 1552 laxe
1267 1503 1548 1554 imbricatis
1575 1506 1685 1555 aliis
1722 1508 1897 1557 subdi-

196 1583 360 1633 stiche
395 1583 719 1648 patentibuS,
755 1583 1036 1632 seminibus
1072 1583 1301 1633 ramulos
1336 1584 1522 1635 breves
1557 1588 1762 1638 strictos
1793 1595 1897 1639 ter-

195 1663 526 1712 minantibus.

298 1773 562 1827 Dacrydium
589 1773 801 1814 thuioides
828 1774 982 1815 Bana-s
1011 1780 1054 1815 et
1076 1774 1254 1815 Soland.
1281 1788 1390 1817 msc.

296 1850 557 1902 Dacrydium
585 1850 796 1891 excelsum
823 1851 921 1891 Don
948 1852 995 1892 in
1022 1851 1233 1892 Lambert
1254 1852 1356 1893 Pin.
1387 1853 1470 1894 Ed.
1505 1854 1544 1897 2.
1580 1855 1639 1897 II.
1677 1857 1786 1911 App.
1843 1859 1893 1899 A.

354 1926 602 1980 Cunninqh.
627 1927 783 1967 Annal.
812 1927 867 1979 of
882 1934 970 1968 nat.
996 1928 1096 1969 hist.
1121 1928 1156 1968 Ι.
1185 1930 1280 1972 213.

301 2002 573 2055 Podocarpus
602 2004 855 2055 dacryoides
892 2005 942 2044 A.
968 2005 1168 2045 Richard
1197 2007 1319 2046 Flor.
1354 2007 1464 2048 Nov.
1489 2008 1612 2049 Zeel.
1646 2011 1736 2052 358.
1776 2018 1804 2054 t.
1832 2013 1895 2054 39.

300 2078 572 2130 Podocarpus
597 2079 809 2120 thuioides
833 2081 886 2119 R.
912 2081 1079 2122 Brown
1103 2082 1149 2122 in
1172 2082 1392 2134 Horsfield
1414 2085 1563 2126 Plant.
1586 2087 1691 2127 Jav.
1713 2100 1807 2129 rar.
1828 2090 1894 2131 35.

301 2154 581 2194 Kahi-Katea
610 2154 719 2194 Noe.
748 2155 871 2195 Zeel.

265 2254 471 2303 Habitat
494 2255 548 2302 in
572 2253 708 2304 Nova
736 2254 999 2304 Zeelandia
1025 2257 1220 2315 boreali,
1253 2261 1350 2307 solo
1367 2260 1517 2323 juxta
1542 2263 1669 2311 rivos
1693 2279 1892 2323 οωηοεο,

195 2338 351 2400 sylvas
375 2337 543 2385 densas
567 2339 840 2400 efformans.

354 2447 521 2500 „Arbor
546 2459 746 2502 procera,
776 2447 994 2504 resinosa,
1024 2462 1154 2504 usque
1189 2450 1240 2490 ad
1266 2451 1346 2493 200
1366 2453 1490 2505 pedes
1520 2453 1618 2507 alta,
1646 2457 1898 2508 pyramida-

301 2525 397 2577 „lis.
444 2524 571 2565 Rami
599 2529 772 2576 teretes,
803 2525 961 2565 cortice
991 2526 1405 2577 griseo-albescente
1433 2529 1593 2570 vestiti.
1640 2531 1765 2572 Folia
1792 2546 1898 2584 par-

299 2601 446 2655 „vula,
490 2601 789 2641 subtrifariam
830 2601 1076 2657 imbricata,
1131 2617 1334 2657 appressa
1374 2609 1446 2646 aut
1487 2607 1654 2660 patula,
1698 2609 1898 2663 sessilia,

301 2676 490 2728 „ramulo
521 2676 722 2716 continua
754 2681 796 2717 et
825 2677 943 2731 quasi
972 2679 1264 2734 decurrentia,
1293 2680 1496 2735 linearia,
1527 2689 1797 2739 mucronata,
1826 2685 1899 2724 la-

301 2751 522 2803 „teraliter
551 2764 807 2805 compressa,
837 2752 1106 2808 glaberrima‚
1138 2755 1266 2797 1—:2
1292 2755 1429 2796 lineas
1457 2756 1597 2808 longa.
1653 2758 1805 2799 Flores
1828 2760 1900 2800 fe-

301 2827 456 2880 „minei
483 2828 671 2869 ramulos
695 2829 987 2883 terminantes,
1017 2831 1216 2885 solitarii,
1246 2833 1437 2887 sessiles,
1465 2832 1649 2874 inversi:
1682 2836 1901 2887 squamula

301 2903 522 2955 „lateralis
547 2916 752 2957 carnosa,
782 2905 1003 2946 involucro
1025 2907 1203 2959 adnata,
1234 2908 1352 2961 apice
1373 2914 1536 2950 tantum
1557 2911 1609 2950 ad
1627 2910 1762 2951 basim
1780 2911 1900 2952 floris

301 2978 408 3031 „sito
426 2979 583 3034 libera,
614 2980 773 3020 obtusa.
813 2981 1085 3022 Involucrum
1105 2982 1350 3038 inversum,
1376 2985 1623 3038 ovoideum‚
1654 2986 1770 3039 apice
1793 2999 1898 3027 con-

302 3057 513 3106 „tractum
541 3059 584 3094 et
610 3056 876 3111 tubulosum,
908 3070 979 3098 ore
1010 3058 1155 3099 obtuse
1186 3059 1405 3100 subbilobo
1434 3060 1719 3101 terminatum.
1761 3062 1900 3100 Fruc-

302 3133 398 3181 „tus
432 3128 545 3170 sicut
580 3131 659 3170 flos
697 3131 914 3182 inversus,
956 3132 1294 3186 subdrupaceus‚
1332 3134 1596 3189 pisiformis‚
1634 3139 1895 3193 mustaceus,

305 3204 552 3255 ‚.ovoideus‚
593 3206 709 3258 apice
748 3207 919 3249 inverso
950 3209 1201 3262 apiculatus.
1258 3211 1611 3264 Endospermium
1649 3223 1898 3263 carnosum,
