2197 3649
875 231 1093 266 CEMBRA.
1728 221 1835 272 143

136 372 210 412 tus
244 357 451 427 Scepus)
484 360 695 424 sparsim
728 359 895 406 incolit
925 357 1038 421 (alt.
1065 353 1459 404 3900—480w
1472 353 1496 420 )
1516 395 1529 412 ,
1572 358 1709 422 infra
1746 367 1839 407 ter-

137 445 324 493 minum
349 440 526 490 Abietis
553 439 805 504 incipiens,
845 437 1052 502 ejusdem
1083 438 1284 485 limitem
1311 437 1536 486 eaecedens
1551 454 1566 495 ‚·
1602 439 1658 487 in
1685 439 1728 486 T
1722 455 1840 489 ran-

136 524 359 588 sylvania
403 522 688 586 subalpina,
734 521 787 568 in
833 521 978 582 sylvis
1011 519 1379 567 Bistricensibus
1425 527 1465 567 et
1512 519 1842 570 Rodnensibus

137 605 270 654 haud
316 619 459 652 rara.
552 602 708 651 Trans
741 603 914 666 juqum
967 600 1190 650 Uralense
1236 616 1327 664 per
1368 617 1556 649 omnem
1603 601 1842 651 Sibiriam

138 687 372 735 borealem
421 694 462 734 el
511 685 734 749 alpinam
780 686 1029 748 frequens,
1082 685 1137 732 in
1184 684 1422 732 montibus
1470 685 1662 734 alcaicis
1691 682 1846 750 (inter

139 762 555 831 4000—6521‘)
587 767 834 830 qreqaria.

205 850 262 898 Β.
314 849 376 897 In
412 846 601 896 Sibiria
632 849 763 895 ultra
797 846 1012 903 Lenam,
1063 848 1118 895 in
1146 845 1497 896 Kamtschatka
1535 856 1577 896 et
1599 850 1653 898 in
1677 850 1847 898 insulis

137 930 391 979 Kurilibus
416 931 539 979 latos
573 937 715 978 terroe
750 937 933 977 tractus
963 929 1093 992 teqit.

295 1041 439 1082 Arbor
474 1039 691 1094 speciosa,
733 1041 784 1081 50
819 1040 970 1092 pedum
1006 1039 1273 1080 altitudinem
1308 1052 1407 1080 raro
1443 1041 1674 1096 excedens,
1714 1044 1848 1084 ramis

247 1118 477 1172 tortuosis,
523 1130 643 1157 coma
683 1117 938 1171 irregulari,
977 1117 1138 1157 cortice
1180 1116 1348 1172 griseo,
1398 1117 1617 1173 scabrido,
1670 1119 1847 1160 rimoso.

246 1195 372 1236 Folia
401 1195 521 1236 2-3
548 1193 726 1246 pollices
745 1193 895 1245 longa,
925 1193 1151 1233 latitudine
1172 1193 1390 1233 dimidiam
1410 1193 1564 1234 lineam
1583 1194 1657 1234 vix
1676 1207 1849 1249 aequan-

246 1272 335 1326 tia,
365 1276 556 1311 saturate
585 1269 796 1323 virentia,
836 1269 1000 1323 rigida,
1043 1270 1190 1309 carina
1217 1275 1369 1320 argute
1396 1270 1659 1322 prominente
1687 1273 1852 1327 trique-

246 1352 338 1400 tra,
368 1346 518 1386 subtus
541 1357 748 1398 convexa,
779 1345 832 1384 ad
850 1344 1032 1395 angulos
1051 1345 1315 1395 marginales
1336 1350 1376 1385 et
1396 1348 1448 1386 ad
1469 1348 1657 1387 carinam
1677 1363 1851 1403 aspera,

247 1422 444 1464 faciebus
468 1422 663 1475 utrinque
681 1422 806 1470 juxta
831 1421 1020 1461 carinam
1049 1427 1280 1462 stomatum
1299 1423 1451 1464 fasciis
1471 1425 1632 1476 aliquot
1650 1426 1850 1468 albentia.

247 1500 511 1552 Vaginarum
539 1498 658 1538 basis
686 1503 731 1538 ut
760 1498 805 1538 in
834 1498 1035 1538 affinibus
1066 1499 1304 1554 corticosa,
1335 1501 1462 1555 dura,
1494 1502 1598 1542 duas
1625 1503 1763 1544 lineas
1783 1506 1854 1545 vix

251 1591 436 1631 aequans,
465 1576 624 1626 vagina
652 1575 982 1627 semipollicaris
1011 1589 1033 1616 e
1062 1576 1252 1629 squamis
1281 1577 1443 1628 aliquot
1468 1580 1734 1631 componitur
1753 1595 1855 1634 spa-

249 1654 416 1695 thulato
454 1651 689 1692 linearibus
727 1651 913 1705 obtusis,
951 1651 1276 1693 membranaceo
1306 1653 1439 1693 aridis
1468 1653 1632 1708 fuscis,
1661 1659 1854 1710 margine

251 1730 445 1771 scarioso
474 1727 782 1781 integerrimis,
810 1727 992 1781 primum
1020 1733 1088 1769 sat
1117 1733 1232 1769 arcte
1260 1728 1303 1769 in
1332 1729 1469 1771 tubuli
1497 1732 1682 1784 speciem
1702 1734 1857 1776 imbri-

253 1806 377 1861 catis,
406 1818 504 1846 mox
530 1805 623 1845 laxe
650 1804 892 1857 patentibus
921 1810 963 1846 et
992 1805 1076 1845 cito
1101 1806 1308 1846 deciduis.
1363 1808 1487 1848 Rami
1517 1810 1704 1851 cuticula
1731 1824 1856 1854 sece-

252 1885 376 1925 dente
406 1896 586 1935 superne
614 1882 935 1935 pubescentiam
972 1896 1067 1923 mox
1095 1884 1317 1925 evanidam
1345 1886 1621 1928 mentiuntur.
1676 1890 1859 1932 Amenta

253 1961 535 2012 staminigera
553 1959 887 2015 subterminalia,
908 1965 1145 2012 aggregata
1165 1961 1283 2003 6—8
1301 1962 1482 2014 pollices
1503 1964 1631 2016 longa
1650 1966 1859 2020 oblongo-

258 2037 530 2090 cylindracea
558 2036 853 2091 obtusissima,
882 2037 976 2077 basi
1004 2037 1194 2078 bracteis
1224 2038 1387 2091 aliquot
1416 2040 1635 2095 oblongis,
1671 2044 1857 2100 obtusis,

257 2116 382 2154 fusco
412 2113 576 2166 nitidis,
606 2112 799 2163 margine
829 2113 1036 2153 scariosis
1068 2113 1325 2165 calyculata.
1380 2116 1581 2158 Antherae
1604 2119 1858 2175 sulphureae,

258 2189 497 2230 loculorum
534 2188 799 2238 marginibus
838 2193 878 2227 et
910 2188 1160 2228 connectivo
1201 2203 1409 2242 purpureo
1438 2192 1668 2248 violaceis,
1711 2196 1784 2235 illo
1814 2197 1858 2237 in

259 2267 436 2307 cristam
464 2266 669 2318 producto
698 2264 895 2318 brevem,
948 2265 1239 2320 concolorem,
1279 2267 1503 2308 reniformi
1533 2272 1857 2328 emarginatam,

258 2348 407 2395 argute
447 2342 722 2382 crenulatam.
780 2342 927 2382 Pollen
956 2343 1056 2382 adeo
1087 2343 1330 2398 copiosum,
1360 2349 1405 2384 ut-
1433 2347 1718 2389 florescentiae
1747 2355 1859 2390 tem-

258 2433 361 2474 pore
389 2424 505 2460 terra
532 2419 608 2459 sub
645 2418 796 2458 arbore
824 2419 995 2472 pulvere
1033 2420 1261 2473 sulphureo
1303 2422 1361 2462 sit
1392 2428 1623 2465 constrata.
1681 2428 1860 2468 Strobili

253 2496 450 2547 juniores
479 2495 740 2549 terminales,
770 2495 881 2536 inter
907 2495 1017 2536 folia
1044 2496 1280 2551 latitantes,
1311 2503 1434 2538 ovato
1465 2500 1652 2556 oblongi,
1680 2504 1861 2546 violacei

260 2586 302 2614 v,
332 2573 624 2626 virescentes,
662 2584 774 2624 saepe
813 2572 966 2622 glauco
995 2585 1037 2612 V.
1069 2573 1196 2613 caesio
1225 2573 1440 2629 pruinosi,
1482 2589 1694 2632 nunquam
1722 2584 1862 2621 tamen

261 2650 565 2705 pubescentes,
595 2649 727 2689 adulti
763 2649 814 2689 ob
855 2650 1106 2704 subsequam
1144 2651 1252 2691 rami
1292 2652 1605 2703 elongationem
1647 2656 1862 2713 axillares,

263 2728 454 2782 sessiles,
483 2727 638 2781 erecti,
668 2726 804 2781 ovali,
835 2727 992 2782 obtusi,
1021 2728 1126 2768 duos
1153 2729 1395 2784 plerumque
1423 2731 1604 2783 pollices
1632 2733 1766 2788 longi,
1794 2736 1864 2776 in-

261 2806 426 2846 terdum
455 2804 670 2857 minores,
707 2803 851 2844 rarius
880 2817 902 2843 e
929 2804 1071 2843 forma
1099 2810 1226 2845 ovata
1253 2805 1297 2845 in
1326 2806 1608 2858 cylindricam
1645 2809 1863 2852 abeuntes.

264 2880 508 2934 Apophysis
546 2879 897 2934 convexiuscula,
933 2893 1043 2933 saepe
1081 2880 1203 2921 laevis
1242 2885 1284 2921 et
1315 2882 1541 2938 adpressa,
1581 2884 1790 2926 interdum
1820 2893 1866 2929 ut

267 2958 311 2998 in
339 2958 511 2998 Strobis
539 2957 907 3009 longitudinaliter
932 2970 1114 3012 rugosa,
1145 2959 1410 3010 marginibus
1437 2974 1604 3014 semper
1622 2964 1865 3006 maturitate

268 3040 448 3084 anguste
476 3035 660 3089 reflexis,
691 3035 733 3075 in
762 3035 985 3076 umbonem
1012 3035 1295 3077 lanceolatum
1321 3036 1417 3090 plus
1441 3038 1634 3081 minusve
1654 3046 1864 3093 patentem

272 3110 483 3151 desinens.
538 3112 814 3166 Squamarum
849 3112 966 3154 basis
1002 3113 1084 3154 late
1121 3119 1322 3168 cuneata,
1361 3115 1477 3156 intus
1504 3129 1579 3170 pro
1607 3118 1865 3170 recipiendis

270 3187 504 3229 seminibus
530 3190 736 3240 profunde
766 3195 984 3232 excavata.
1043 3193 1197 3232 Semen
1226 3205 1422 3247 osseum,
1452 3207 1630 3247 prorsus
1658 3201 1866 3249 apterum,

271 3264 518 3316 obovatum‚
566 3264 656 3306 basi
697 3270 891 3321 acutum,
933 3267 1052 3320 apice
1094 3267 1436 3321 obtusissimum,
1487 3270 1613 3308 dorso
1653 3269 1867 3320 gibboso-
