2197 3649
883 195 1164 229 smum-:urs
1817 185 1835 231 1
1851 182 1884 231 3

253 323 425 373 Crescit
463 324 515 370 in
549 323 838 386 rupestribus
875 330 916 369 et
947 323 1140 385 pascuis
1173 323 1353 386 apricis
1388 324 1624 371 montium
1661 324 1889 373 Madom'-

187 421 360 454 norum
395 412 438 453 et
474 405 529 452 iri
565 403 720 452 Aet-na
759 402 986 458 Siciliae,
1030 419 1135 451 cum
1167 403 1362 451 Berberi
1404 406 1614 452 aetnensi
1647 421 1790 468 usque
1826 408 1891 454 ad

184 488 414 550 fruticum
463 487 721 535 terminum
767 482 996 549 (7100‘),
1053 501 1136 533 uec
1184 500 1281 533 non
1319 486 1372 533 in
1414 486 1601 548 reqione
1637 488 1888 551 subalpina

189 567 446 618 Calabriae
480 569 534 616 in
569 568 806 616 montibus
843 565 1044 622 Sibilla,
1088 564 1270 614 Amaro
1307 575 1348 614 et
1390 564 1679 616 Gransasso.

344 681 530 733 „Frutex
552 679 748 730 humilis,
778 678 849 718 vix
879 678 1135 731 spithamam
1165 678 1299 732 altus,
1331 679 1606 733 coespitosus,
1636 681 1893 736 hemisphae—

294 757 462 809 „ricus,
503 756 635 796 ramis
663 754 869 795 teretibus
898 754 1072 806 griseis.
1131 755 1254 795 Folia
1281 755 1473 808 Juniperi
1514 759 1771 811 communis,
1812 774 1895 800 una

295 833 450 885 „tertia
470 837 589 885 parte
610 831 832 884 breviora,
864 832 935 871 sed
955 830 1170 884 paululum
1199 831 1380 883 latiora,
1410 845 1538 885 supra
1567 833 1717 888 caesia,
1748 835 1895 875 subtus

294 908 715 962 ,.elcvato-carinata
743 907 1064 961 patentissima,
1109 907 1285 948 baccam
1318 908 1539 948 axillarem
1583 909 1724 950 colore
1767 913 1893 951 caesio

293 986 499 1034 „tinctam
538 984 747 1039 aequantia
787 998 827 1023 v.
866 983 1007 1037 paullo
1051 984 1312 1037 superantia.
1379 986 1528 1026 Baccae
1573 985 1660 1025 illis
1700 988 1895 1040 Juniperi

292 1062 554 1103 ..communis
573 1063 757 1112 majores
773 1092 784 1111 ‚
804 1062 942 1113 magis
963 1061 1447 1116 aromatico-resinosa),
1472 1065 1577 1117 quod
1597 1065 1712 1105 forte
1733 1078 1781 1104 ex
1800 1064 1894 1106 loco

293 1140 452 1193 „natali
473 1140 761 1180 derivandum.
807 1139 968 1179 Affinis
985 1139 1192 1192 Junipero
1213 1140 1448 1193 communi,
1477 1141 1549 1180 sed
1571 1141 1716 1183 differt
1736 1143 1879 1184 habitu

293 1229 465 1269 ,.nempe
486 1215 750 1265 humilitate,
781 1216 921 1254 forma
941 1200 1269 1268 hemisphaerica
1295 1216 1472 1257 fruticis
1501 1223 1543 1258 et
1572 1196 1896 1273 coespitositate;

294 1293 414 1344 „dein
446 1292 578 1332 ramis
606 1291 866 1345 ramulisque
895 1291 1128 1343 teretibus,
1165 1291 1288 1331 foliis
1314 1292 1608 1347 brevioribus,
1647 1295 1896 1344 latioribus,

294 1369 466 1419 „baccis
500 1368 609 1408 folio
648 1367 900 1422 aequilongis
929 1381 969 1407 V.
1000 1367 1215 1420 paululum
1242 1368 1523 1410 brevioribus.
1583 1370 1687 1411 Cum
1715 1373 1757 1412 J.
1788 1386 1898 1414 nana

294 1445 523 1498 „confundi
551 1458 634 1484 non
663 1444 846 1497 potest.“
901 1444 1047 1484 Presl.
1079 1446 1107 1484 l.
1139 1456 1174 1484 c.

346 1524 533 1575 „Frutex
552 1521 896 1572 ramosissimus,
929 1522 1029 1562 1-3
1050 1521 1218 1574 pedales
1239 1522 1436 1575 coespites
1457 1524 1745 1579 constituens,
1766 1528 1897 1566 ramis

295 1597 772 1651 „verrucoso-scabris,
794 1597 1130 1651 irregularibus,
1153 1599 1279 1639 dense
1300 1599 1542 1653 intricatis,
1573 1601 1746 1651 griseis.
1777 1603 1901 1643 Folia

296 1674 526 1727 „Junipero
557 1674 768 1714 communi
799 1673 981 1726 similia,
1010 1674 1132 1714 valde
1155 1675 1446 1728 approximata
1469 1682 1511 1716 et
1533 1678 1625 1717 fere
1658 1677 1898 1730 imbricata,

291 1751 391 1804 „sed
427 1751 560 1791 bacca
598 1750 890 1801 magnitudine
928 1752 971 1791 J.
1003 1751 1215 1804 Oxycedri
1253 1751 1309 1802 (i.
1341 1765 1377 1792 e.
1411 1753 1724 1808 rufeseentis),
1771 1755 1898 1795 habi-

211 1843 221 1846 -
295 1832 392 1882 „tus
419 1841 522 1869 vero
542 1828 584 1868 J.
607 1841 741 1869 nanae.
791 1829 949 1869 Forma
974 1828 1302 1882 hemisphaerica
1330 1842 1413 1869 non
1442 1835 1507 1870 est
1536 1830 1762 1871 character
1790 1844 1898 1871 con-

296 1911 466 1960 „stans,
507 1906 569 1946 uti
599 1905 642 1946 in
671 1905 866 1959 plurimis
895 1905 1055 1958 pla-ntis
1084 1906 1196 1946 vivis
1224 1906 1338 1960 vidi,
1367 1906 1500 1947 multo
1530 1907 1669 1947 minus
1696 1908 1898 1948 foliorum

295 1983 541 2035 „longitudo
572 1996 667 2024 cum
695 1983 828 2023 bacca
858 1988 1118 2037 comparata.
1168 1983 1316 2024 Potius
1345 1984 1548 2024 foliorum
1579 1985 1780 2039 directio,
1811 1986 1899 2026 im-

295 2059 501 2105 „bricatio
532 2065 574 2100 et
602 2061 796 2113 habitus,
839 2073 916 2100 nec
956 2073 1040 2100 non
1075 2061 1305 2100 baccarum
1343 2060 1589 2111 magnitudo
1627 2061 1900 2102 characteres

293 2135 642 2188 „praestantiores
681 2136 949 2189 suppeditant
984 2138 1037 2177 ad
1073 2137 1183 2177 hanc
1220 2137 1405 2189 speciem
1435 2151 1461 2177 a
1487 2138 1529 2177 J.
1562 2138 1772 2178 communi
1803 2144 1844 2178 et
1874 2152 1900 2179 a>

291 2213 357 2264 „J.
381 2226 491 2252 nana
511 2212 912 2265 discrimina-udam
932 2218 1142 2266 praeterea
1160 2214 1314 2266 plantae
1332 2213 1417 2254 illae
1438 2227 1527 2268 quae
1544 2213 1588 2254 in
1607 2214 1780 2266 regione
1798 2228 1898 2256 are—

292 2302 424 2341 „nosa
452 2290 601 2330 Aetnae
630 2290 884 2342 proveniunt
921 2291 963 2330 J.
996 2291 1269 2343 Oxycedrum
1308 2290 1376 2340 (J.
1409 2291 1726 2341 rufescentem)
1766 2293 1899 2345 quoad

295 2366 509 2412 „habitum
539 2363 776 2406 referunt.“
833 2366 1031 2406 Get-scone
1060 2368 1088 2406 l.
1121 2379 1158 2406 c.

668 2499 714 2545 6.
752 2498 1024 2547 ιῘω-ΙΡΕΒΕΞ»
1061 2513 1193 2548 ΝΑΝΑ
1230 2498 1404 2549 Willd.

258 2611 561 2678 Oxycedrus
615 2611 866 2660 fruticosa
917 2619 1176 2676 prostrata
1230 2613 1384 2662 ramis
1429 2615 1714 2680 angulatis,
1763 2616 1898 2665 foliis

187 2693 346 2742 ternis
395 2693 1010 2757 incurvato-patentibus
1060 2710 1106 2741 v,
1156 2694 1535 2744 subimbricatis
1582 2696 1899 2746 lanceolato-

186 2774 468 2823 linearibus
517 2774 769 2839 pungenti
819 2774 1101 2839 cuspidatis
1145 2791 1304 2840 supra
1346 2776 1698 2826 canaliculatis
1745 2779 1896 2828 caesio

189 2856 448 2920 pruinosis
481 2856 660 2904 subtus
694 2855 878 2905 obtuse
907 2856 1176 2914 carinatis,
1215 2857 1432 2922 galbulis
1467 2859 1898 2924 ovoideo-globo-

188 2937 255 2985 sis
308 2936 488 2985 folium
537 2936 861 3001 aequantibus
904 2937 1189 2986 tuberculis
1238 2938 1465 2988 breviter
1516 2940 1678 2989 acutis
1729 2940 1897 2988 diver-

191 3017 427 3078 gentihus
467 3017 588 3066 atris
624 3017 902 3082 pruinosis.

294 3128 525 3181 Juniperus
556 3130 790 3169 communis
819 3145 864 3194 >¹—
895 3130 1026 3170 Limz.
1059 3130 1186 3183 Spec.
1221 3133 1335 3172 1470.

292 3207 524 3259 Juniperus
554 3208 787 3248 communis
815 3210 867 3271 β,
898 3209 1024 3249 Lam.
1054 3210 1168 3250 Dict.
1200 3210 1257 3249 ΙΙ.
1289 3211 1381 3252 625.
