2197 3649
293 178 371 230 64
942 186 1355 223 nummorum&

397 328 509 370 „que
540 313 730 364 margine
763 306 1008 364 compressa
1036 311 1213 366 indeque
1255 309 1512 364 equitantia‚
1552 309 1768 363 carinata,
1799 308 1996 349 acutius-

396 391 552 443 „cula,
583 388 847 441 subfulcata,
885 400 1007 443 quam
1035 388 1180 442 priora
1209 387 1331 441 duplo
1361 387 1571 438 longiora.
1628 386 1779 427 Flores
1808 399 1889 426 non
1919 386 1997 426 ob-

395 466 607 519 „servati.
650 464 828 506 Strobili
859 478 907 504 ex
928 464 1045 518 apice
1074 465 1334 505 ramulorum
1365 464 1462 504 anni
1491 464 1767 517 praecedentis
1795 462 1998 522 solitarii,

395 543 621 596 „sessiles,
650 542 840 594 globosi,
870 541 1161 593 magnitudine
1189 541 1367 595 sclopeti
1396 541 1588 582 minoris.
1631 542 1824 595 Squama²
1852 541 2000 592 8-10,

396 622 688 673 „decussatae,
738 633 759 658 c
789 618 881 659 basi
913 623 1093 659 cuneata
1119 631 1290 658 sursum
1320 618 1531 670 ampliatae
1570 617 1613 656 in
1652 629 1796 656 aream
1825 616 1994 669 planam

390 696 821 751 „parallelopipedam
862 709 903 735 v.
935 695 1497 750 quinque-sexangularem,
1549 693 1591 733 in
1631 698 1776 733 centro
1804 692 1998 733 breviter

396 772 722 825 „umbonatam,
752 772 955 824 lignosae,
985 771 1224 822 rugulosae,
1255 770 1421 810 sordide
1455 770 1676 824 brunneae,
1706 769 1888 822 primum
1926 773 2000 809 tu-

395 850 567 901 „midae
588 855 629 890 et
649 854 765 889 arcte
785 848 865 888 sibi
888 848 1090 901 appositae
1105 878 1116 898 ,
1147 848 1311 887 demum
1332 846 1569 900 siccantes,
1601 859 1626 885 a
1645 859 1690 886 se
1712 846 1896 886 invicem
1924 859 2000 886 se-

391 927 619 980 „junctae,
649 926 826 966 summis
855 925 1015 965 duabus
1043 924 1285 977 plerumque
1315 922 1550 964 sterilibus.
1607 923 1813 963 Bracteae
1841 907 1998 962 nullae.

393 1004 604 1055 „Semina
621 1003 670 1055 2,
701 1003 744 1042 in
773 1002 903 1042 axilla
930 1016 972 1043 v.
998 1001 1042 1041 in
1070 1001 1162 1041 basi
1192 1000 1381 1049 cujusvis
1411 1012 1611 1054 squamae
1647 1005 1816 1053 erecta,
1846 998 2000 1039 ortho-

394 1085 577 1133 „tropa,
617 1078 1044 1131 oblongo-elliptica,
1084 1077 1127 1117 in
1158 1077 1313 1116 collum
1340 1076 1467 1116 breve
1498 1074 1782 1130 cylindricum
1819 1074 2001 1128 primum

392 1157 635 1211 „pervium,
665 1156 906 1210 terminata,
935 1155 1127 1206 margine
1150 1159 1321 1208 praeter
1349 1154 1511 1206 apicem
1540 1158 1582 1193 et
1609 1152 1745 1193 basim
1767 1152 1896 1205 alata,
1933 1151 2003 1190 ala

395 1234 748 1287 „membranacea
760 1264 772 1288 ,
802 1238 973 1285 tenera,
1003 1245 1136 1283 grano
1167 1231 1238 1271 vix
1276 1231 1457 1283 latiore,
1495 1230 1637 1270 rarius
1678 1229 1807 1269 tertia
1842 1240 2001 1283 quoque

394 1311 498 1366 „ala
516 1312 559 1351 in
577 1311 700 1351 dorso
725 1311 973 1350 decurrente
994 1314 1133 1349 aucta.
1163 1309 1296 1348 Testa
1313 1312 1550 1362 crustacea,
1579 1306 1743 1362 glabra,
1773 1310 2001 1346 castaneo-

395 1390 580 1443 „fusca,
621 1387 746 1428 vittis
787 1401 863 1427 seu
904 1386 1109 1427 ductibus*
1138 1384 1519 1436 longitudinalibus
1555 1383 1888 1436 irregularibus,
1919 1396 2001 1436 cy-

395 1464 627 1516 „lindricis
656 1477 698 1504 v.
720 1463 1006 1517 subola-vatis,
1038 1463 1129 1503 oleo
1159 1462 1352 1502 resinoso
1381 1461 1530 1514 pingui
1558 1460 1839 1512 scatentibus,
1867 1457 2001 1512 palli-

395 1541 621 1594 „dioribus
649 1545 809 1581 notata.
866 1539 1074 1580 Albumen
1114 1544 1157 1579 et
1195 1539 1368 1592 embryo
1398 1539 1509 1578 haud
1538 1535 1808 1592 suppetunt.“
1871 1535 2001 1576 Zuc-

395 1617 543 1657 carim'
570 1618 597 1657 l.
629 1629 666 1657 c.

545 1718 593 1765 5.
632 1716 1040 1765 CHAMAEcYPAms
1073 1730 1305 1764 PISIFERA
1343 1715 1478 1764 Sieb.
1507 1720 1559 1764 et
1590 1716 1741 1763 Zucc.

358 1817 688 1882 Retinispora
745 1816 880 1865 foliis
945 1816 1184 1866 omnibus
1252 1813 1736 1880 squamaeformibus
1801 1811 2000 1862 adnatis

292 1897 775 1947 ovato-lanceolatis
825 1898 1128 1947 acuminatis
1165 1914 1212 1946 v.
1253 1895 1557 1962 cuspidatiS‚
1604 1895 1860 1944 seminum
1909 1894 2001 1943 alis

291 1996 508 2045 granum
531 1980 801 2030 latitudine
826 1981 1207 2046 superantihuS.

397 2093 674 2146 Retinispora
702 2093 885 2146 pisifera
912 2093 1085 2133 Siebold
1123 2099 1166 2132 et
1197 2092 1447 2132 Zuccariui
1485 2093 1606 2131 Flor.
1649 2091 1811 2142 Japon.
1845 2089 1904 2128 11.
1947 2088 1997 2129 39

453 2176 481 2209 c.
514 2170 602 2212 122.

401 2247 605 2300 Sawara,
634 2247 796 2299 Japon.

399 2323 521 2363 K'wa
548 2323 660 2375 hak,
691 2323 786 2362 Se‘n.

365 2435 564 2483 Habitat
581 2435 851 2498 promiscue
883 2450 988 2481 cum
1021 2435 1183 2497 priore
1212 2435 1265 2481 in
1283 2434 1503 2495 pluribus
1524 2431 1786 2495 provinciis
1811 2431 2003 2477 insulae

292 2515 507 2580 Nippon.

450 2603 624 2657 „Arbor
662 2604 937 2656 praecedente
977 2603 1138 2655 minor,
1181 2602 1411 2655 gracilior,
1452 2609 1601 2640 trunco
1643 2600 1781 2639 minus
1818 2599 2002 2652 excelso,

396 2680 594 2732 „cortice
616 2680 876 2719 obscuriore.
906 2679 1030 2719 Rami
1046 2678 1285 2718 secundarii
1302 2677 1490 2728 distichi,
1513 2676 1762 2716 densissime
1782 2675 2003 2715 ramulosi.

400 2757 561 2807 „Folia
589 2757 766 2811 quinque
797 2770 871 2809 per
900 2769 1032 2796 annos
1054 2756 1262 2807 virentia,
1292 2756 1537 2806 decussata,
1568 2754 1899 2808 quadriseriata,
1930 2766 2002 2805 per

400 2834 569 2884 „series
599 2833 841 2885 difformia,
872 2833 1014 2872 omnia
1041 2832 1427 2886 squamaeformia,
1458 2831 1523 2870 axi
1554 2844 1626 2870 seu
1657 2843 1774 2869 ramo
1804 2830 2005 2881 adpressa

399 2914 475 2958 „et
511 2909 603 2948 fere
646 2909 697 2948 ad
727 2908 887 2961 apicem
928 2922 1055 2962 usque
1094 2909 1272 2962 adnata,
1313 2908 1486 2961 indeque
1525 2907 1724 2959 paginam
1755 2905 2002 2945 inferiorem

398 2989 598 3034 „tantum
645 2983 781 3023 oculis
835 2985 1108 3037 praebentia3
1159 2997 1209 3024 ea
1246 2983 1481 3037 superioris
1522 2990 1564 3023 ct
1606 2982 1830 3022 inferioris
1871 2981 2000 3021 seriei

399 3060 853 3114 „ovato-lanceolata,
907 3062 1149 3102 acuminata
1199 3075 1237 3100 v.
1290 3061 1534 3113 cuspidata,
1583 3059 1735 3112 plana,
1785 3058 2003 3105 carinata3

400 3136 643 3187 „serierum
694 3136 936 3177 lateralium
988 3138 1037 3176 ab
1081 3144 1257 3190 utroque
1311 3137 1501 3187 margine
1546 3147 1789 3187 compressa
1828 3133 2004 3186 indeque

401 3213 690 3267 „equitantia,
729 3213 945 3267 carinata,
981 3213 1518 3263 subfalcato-acuminata,
1561 3212 1836 3265 aequilonga,
1866 3208 2005 3249 omnia
