2197 3649
339 245 416 296 82
1115 257 1271 291 PlNUs.

406 382 609 434 Arbores
646 386 838 434 eoecelsoe
880 391 966 432 aut
999 385 1164 433 rarius
1196 386 1461 435 arbusculoe
1500 385 1728 442 humiles,
1776 387 1831 435 in
1869 394 2042 451 tempe-

337 487 459 534 ratis
507 494 548 533 et
589 485 784 549 sriqidis
835 485 1159 549 heinisphoerae
1213 487 1442 544 borealis,
1506 503 1536 535 a
1579 489 1732 535 maris
1774 488 1929 536 littore
1975 488 2042 536 ad

336 586 592 633 terminum
626 585 930 647 veyetationis
965 586 1179 634 arboreae
1206 588 1561 650 provenientes,
1604 589 1658 635 in
1685 588 1875 651 reqione
1903 605 2039 638 mon-

333 694 452 734 tana
494 686 677 749 passim
718 687 874 748 sylvas
905 695 1065 734 vastas
1112 689 1454 735 constituentes.
1528 688 1666 736 Folia
1707 704 1931 746 acerosa,
1979 690 2040 738 li-

330 787 503 834 nearia
538 803 583 834 v.
621 794 900 853 tetrayona,
942 803 1143 851 sparsa,
1186 804 1305 852 soepe
1340 789 1532 836 disticho
1555 790 1803 853 patentia,
1850 806 1894 837 v.
1928 791 2038 853 pri-

330 887 642 934 mordialibus
695 888 924 935 abortivis
975 889 1290 951 fasciculam,
1353 890 1596 951 fasciculis
1650 890 1751 937 basi
1805 890 2035 952 vaqinula

327 988 540 1034 scariosa
587 988 776 1042 cinctis,
850 988 1104 1050 saepissime
1151 988 1400 1051 septimum
1442 989 1494 1035 in
1541 1004 1726 1036 annum
1772 990 2030 1045 durantia,

327 1088 576 1135 rarissime
611 1088 869 1150 quotannis
910 1087 1128 1134 decidua.
1214 1087 1484 1135 Blaturatio
1532 1103 1697 1136 annua
1741 1105 1787 1136 v.
1829 1090 2029 1137 biennis.

393 1187 450 1234 A.
490 1187 717 1234 Sfflxns.
789 1185 995 1235 Amenta
1027 1188 1341 1250 staminiqera
1379 1187 1610 1236 axillaria
1645 1204 1691 1236 v.
1730 1187 1782 1235 in
1818 1188 2030 1236 ramulis

325 1287 635 1336 abbreviatis
675 1287 964 1336 terminalia
1005 1287 1248 1336 solitaria.
1322 1287 1524 1336 Amenta
1560 1290 1891 1353 qemmulifera
1927 1294 2032 1337 ter-

325 1387 531 1436 minalia
569 1393 656 1435 aut
691 1387 856 1435 rarius
894 1387 1146 1436 lateralia.
1216 1389 1434 1437 Bracteoe
1482 1389 1577 1436 sub
1625 1389 1827 1437 anthesi
1876 1404 2030 1454 squa-

322 1487 417 1535 mis
455 1503 661 1551 semper
698 1487 976 1552 longiores,
1014 1488 1224 1536 tandem
1261 1504 1397 1552 saepe
1436 1488 1719 1537 breviores.
1793 1488 2031 1538 Strobilus

324 1587 489 1651 primo
526 1603 661 1635 anno
693 1593 953 1646 maturus,
990 1590 1200 1651 squamis
1238 1588 1486 1637 coriaceis
1524 1589 1810 1654 marginem
1846 1605 2027 1638 versus

321 1687 626 1746 attenuatis,
662 1687 744 1735 vel
770 1703 874 1735 una
900 1704 1017 1735 cum
1045 1688 1327 1736 seminibus
1357 1688 1418 1736 ab
1446 1688 1528 1736 axi
1555 1688 1734 1737 solutis
1759 1705 1806 1737 v.
1834 1689 2023 1753 elapsis

318 1787 600 1836 seminibus
637 1787 1048 1852 persistentibus.
1121 1786 1322 1836 Semina
1359 1805 1566 1852 semper
1602 1789 1750 1838 alata.
1776 1816 1844 1824 —
1874 1790 2024 1838 Rami

312 1889 548 1952 primarii
584 1889 879 1943 verticillati‚
928 1889 1204 1936 secundarii
1239 1889 1444 1935 distichi.
1525 1887 1736 1937 Gemmoe
1769 1891 2018 1952 perulatoe,

312 1990 493 2052 peruloe
528 2004 821 2043 numerosoe,
859 2004 948 2051 per
979 1989 1380 2052 frondescentiam
1415 2005 1445 2036 a
1477 2005 1521 2036 se
1557 1990 1758 2037 invicem
1791 1991 1924 2038 haud
1948 2006 2023 2038 re-

316 2097 481 2144 motoe,
532 2089 586 2136 in
621 2090 923 2136 ramulorum
958 2089 1059 2136 basi
1087 2089 1382 2152 persistentes
1414 2098 1456 2136 et
1494 2089 1547 2136 in
1583 2091 1818 2137 annulum
1857 2105 2022 2138 coarc-

316 2196 447 2236 tatoe.
525 2188 658 2236 Folia
700 2189 944 2243 solitaria,
988 2189 1124 2235 dense
1166 2189 1411 2251 spiraliter
1436 2189 1627 2252 posita,
1681 2190 1733 2236 in
1773 2190 2021 2254 septimum

313 2304 498 2336 annum
535 2288 796 2343 durantia,
844 2288 1091 2335 rarissime
1131 2303 1300 2335 annua
1343 2297 1383 2335 et
1419 2296 1530 2336 tunc
1565 2304 1705 2336 ramo
1743 2289 2018 2337 abbreviato

311 2404 431 2451 soepe
466 2388 779 2451 fasciculam,
829 2388 1010 2435 sessilia
1046 2396 1086 2435 et
1120 2389 1254 2435 varie
1289 2388 1342 2434 in
1378 2389 1587 2450 pulvinis
1624 2389 1818 2436 adnatis
1852 2389 2017 2436 decur-

310 2490 467 2536 rentia
499 2505 543 2535 υ.
585 2489 784 2536 breviter
821 2489 952 2535 tereti
980 2489 1245 2550 petiolata,
1287 2503 1414 2534 nunc
1442 2489 1628 2550 plana,
1670 2489 1829 2536 subtus
1857 2489 2016 2538 utrin-

313 2604 398 2651 que
437 2588 587 2650 juxta
637 2602 834 2634 nervum
881 2587 1087 2634 mediam
1133 2594 1388 2633 stomatum
1434 2587 1588 2650 fascia
1633 2595 1830 2644 notata,
1887 2604 2015 2637 nunc

310 2688 863 2748 rhombeo-tetraqonm
905 2687 960 2733 in
995 2695 1202 2748 quatuor
1236 2687 1445 2749 faciebus
1480 2687 1757 2734 stomatibus
1791 2689 2007 2743 munita,

302 2787 548 2850 plurima,
601 2786 842 2849 imprimis
886 2785 1122 2849 inferiora
1163 2801 1224 2832 esc
1267 2786 1431 2833 aoeillis
1471 2802 1680 2848 qemmas
1721 2787 1852 2833 haud
1897 2802 2013 2850 pro-

305 2888 527 2951 ferentia.
623 2885 809 2935 Celluloe
865 2885 1119 2933 radiorum
1162 2886 1499 2933 meclullarium
1545 2887 1683 2949 poris
1730 2880 1895 2932 2-6
1932 2888 2010 2935 in-

306 2996 512 3035 SCT'UCIOE.

411 3112 540 3151 Abies
569 3111 702 3150 Linn.
733 3112 837 3151 Gen.
865 3113 924 3163 pl.
955 3111 1019 3150 ed.
1054 3114 1090 3150 1.
1127 3111 1315 3150 Jussieu
1336 3111 1364 3150 I.
1386 3123 1423 3150 c.
1454 3111 1704 3151 Zuccarini
1732 3113 1759 3150 l.
1791 3124 1827 3151 c.
1877 3112 2008 3152 Abies

461 3194 502 3229 et
520 3188 647 3228 Larix
668 3187 877 3238 'I'ournefi
904 3190 930 3227 l.
957 3201 991 3227 c.
1043 3188 1186 3239 Abies,
1208 3188 1355 3237 Picea,
1388 3189 1548 3228 Cedrus
1568 3195 1610 3228 ct
1625 3189 1757 3229 Larix
1778 3188 1896 3229 Link
1919 3189 1946 3228 I.
1965 3201 2004 3228 c.
