2197 3649
340 206 453 256 198
1070 216 1304 257 sEQuou.

335 343 493 392 subtus
543 357 688 391 nervo
736 343 895 391 valido
918 381 930 397 ‚
989 350 1031 389 et
1076 342 1299 404 utrinque
1338 342 1484 406 juxta
1530 355 1730 390 nervum
1780 347 2037 388 stornatum

336 443 502 505 fasciis
535 443 708 492 albidis
742 442 937 490 notatis.
1016 440 1226 490 Gemmae
1261 442 1534 491 terminales
1560 442 1822 506 perulatae,
1859 440 2040 504 perulis

337 543 402 593 ad
437 543 769 592 innovationes
800 542 1170 605 persistentibus.
1247 540 1448 591 Amenta
1495 542 1808 606 staminiqera
1855 541 1910 589 in
1956 555 2041 589 ra-

337 645 478 692 mulis
512 643 802 691 aoeillaribus
837 642 1124 690 brevissimis
1159 642 1407 699 solitaria,
1448 658 1568 706 soepe
1602 643 1785 706 spicam
1816 641 2042 705 foliatam

339 743 613 807 referentia.
703 740 903 791 Strobili
939 743 993 790 in
1028 743 1233 791 ramulis
1269 742 1510 797 brevibus,
1557 742 1740 805 perulis
1775 741 2042 789 imbricatis

338 843 468 891 tectis
503 842 568 890 ad
604 843 937 891 innovationes
971 842 1203 897 solitarii,
1243 841 1380 889 nucis
1413 838 1656 889 Avellanae
1689 840 2039 902 magnitudine,

338 943 550 1006 squamis
588 942 644 989 in
681 941 852 989 rhachi
886 942 1256 1005 persistentibus.

722 1073 764 1121 1.
820 1072 1050 1128 SEQUOIA
1093 1085 1474 1119 SEMPERVIRENS
1516 1070 1668 1118 Endl.

408 1172 633 1238 Sequoia
657 1171 792 1220 foliis
816 1170 1101 1220 linearibus
1131 1167 1142 1233 (
1167 1168 1219 1235 ¹s2
1242 1197 1309 1205 —
1331 1171 1355 1218 1
1375 1168 1436 1232 Η)
1466 1169 1833 1220 obtusiusculis
1865 1171 2045 1222 subtus

341 1254 540 1304 albidis,

444 1352 679 1393 'raxodium
707 1334 1020 1403 semper-virens
1049 1349 1258 1390 Lambert
1281 1350 1381 1391 Pin.
1412 1351 1477 1391 ed.
1508 1351 1548 1392 2.
1580 1351 1640 1391 ΙΙ.
1671 1357 1699 1391 t.
1731 1351 1794 1392 64.

445 1428 675 1469 Taxodium
704 1429 942 1468 nutkaense
972 1427 1100 1466 Herb.
1134 1426 1284 1466 Lamb.

407 1528 614 1577 Habitat
651 1529 706 1577 in
745 1527 972 1576 America
1015 1527 1194 1576 boreali
1237 1527 1518 1576 occidentali
1559 1527 1624 1575 ad
1664 1528 1823 1576 sinum
1864 1526 2044 1577 Nutha.

344 1609 616 1672 (MenzieS,
658 1609 792 1668 Nee,
828 1607 1056 1670 Hiinke.)

760 1741 806 1788 2.
861 1740 1092 1796 SEQUOIA
1130 1753 1384 1788 GIGANTEA
1425 1739 1576 1788 Endl.

409 1853 636 1918 Sequoia
692 1852 828 1902 foliis
875 1852 1159 1902 linearibus
1211 1849 1343 1918 (1¹f2
1377 1878 1445 1888 —
1475 1849 1586 1916 2¹¹)
1647 1853 1809 1903 acutis
1867 1854 2046 1904 subtus

343 1934 527 2002 glauco
552 1934 946 2000 pulverulentis.

447 2032 626 2073 Taxodii
654 2032 822 2084 species
850 2032 1049 2086 Douqlas
1077 2033 1124 2072 in
1151 2032 1249 2072 Bot.
1280 2032 1394 2085 May.
1429 2031 1578 2085 Comp.
1608 2031 1668 2073 Il.
1702 2032 1792 2075 150.

443 2109 574 2149 Abies
604 2108 813 2158 religiosa
840 2109 978 2148 Hook.
1009 2115 1052 2149 et
1077 2108 1236 2149 Arnott
1260 2109 1316 2149 ad
1342 2109 1538 2162 Beechey
1568 2110 1657 2151 160.
1689 2121 1777 2150 non
1804 2109 1957 2150 Humb.

448 2185 677 2226 'raxodium
707 2185 1022 2238 sempervirens
1051 2186 1190 2226 Hoolc.
1211 2193 1252 2227 et
1268 2185 1426 2227 Arnott
1450 2186 1506 2226 ad
1533 2186 1728 2240 Beechey
1755 2186 1845 2229 392.
1875 2186 2050 2229 Hooker

499 2260 559 2301 Ic.
591 2266 619 2301 t.
651 2261 741 2302 379.

409 2347 617 2397 Habitat
652 2348 708 2396 in
743 2347 1034 2413 California.
1098 2346 1342 2415 (Dougl.)

498 2457 637 2498 Arbor
665 2463 952 2500 trecentorum
980 2460 1128 2513 pedum
1158 2459 1422 2502 altitudinem
1451 2460 1690 2515 attingens,
1720 2459 1858 2501 trunci
1892 2460 2050 2502 ambitu

443 2534 772 2587 trigintapedali.

417 2776 583 2843 Vll.
641 2773 1348 2845 SCIADOPITYS
1406 2777 1603 2845 Sieh.
1646 2791 1714 2845 et
1757 2779 1968 2847 Zuec.

396 2919 670 2971 Sciadopitys
699 2919 871 2961 Siebold
901 2927 945 2962 et
964 2922 1213 2963 Zuccarini
1249 2923 1368 2963 Flor.
1394 2923 1556 2975 Japon.
1581 2921 1641 2961 11.
1670 2923 1705 2964 1.
1732 2928 1760 2962 t.
1792 2921 1827 2962 1.
1854 2921 1893 2962 2.
1937 2923 2045 2964 'razi

449 3006 512 3044 sp.
546 2994 710 3034 Tlturtb.

409 3111 574 3159 Flores
611 3111 801 3160 dioici?
858 3114 1121 3176 Staminiq.
1150 3113 1351 3162 Amenta
1391 3116 1679 3165 terminalia
1717 3115 2048 3181 subglobosa‚

341 3210 911 3277 capitato-aggregata,
966 3213 1303 3272 subsessilia,
1358 3215 1560 3279 singula
1620 3216 1831 3265 bractea
1902 3215 2047 3265 arida
