2197 3649
939 234 1192 267 EPHEDRA.
1797 216 1911 271 263

316 356 514 408 Ephedra
531 355 837 405 monostachya
855 355 908 416 ῥ’
947 355 1085 395 Willd.
1112 366 1227 407 spec.
1255 353 1324 393 IV.
1350 354 1440 394 859.
1468 354 1610 403 (arel.
1638 355 1694 393 ic.
1724 355 1826 405 cit.)

318 432 595 482 Dschergana
624 429 814 482 Monqol.

280 530 485 579 Habitat
507 529 561 578 in
585 528 773 580 Sibiria
798 538 839 578 et
863 530 1113 593 Monqolia
1140 531 1369 579 chinensi.

693 707 881 772 Species
912 708 1067 757 dubioe
1104 716 1145 757 et
1174 709 1261 756 vix
1289 716 1431 757 notoe.

601 839 662 878 18.
694 837 916 878 EPHEDRA
945 846 1136 876 CILIATA
1163 836 1312 877 Fisch.
1343 841 1387 877 et
1415 837 1528 890 Mey.

269 936 466 988 Ephedra
489 935 621 976 ramis
646 935 905 988 ramulisque
931 935 1125 975 distortis
1149 935 1449 975 scandentibus
1473 935 1688 986 angulatis
1714 935 1918 988 impresso

217 1012 455 1067 punctatis‚
501 1012 705 1052 floriferis
743 1011 984 1053 recurvatis
1021 1012 1231 1066 arcuatis,
1275 1012 1445 1063 vaginis
1489 1012 1608 1052 foliis
1644 1012 1919 1054 filiformibus

217 1088 480 1143 terminatis,
517 1089 701 1129 amentis
738 1088 1043 1140 gemmuliferis
1080 1089 1132 1128 ad
1169 1088 1426 1144 ramulo-rum
1467 1088 1629 1140 apicem
1669 1091 1920 1141 aggregatis

218 1165 536 1220 subsessilibus‚
565 1165 736 1216 vaginis
766 1165 940 1218 efflatis,
970 1165 1159 1205 antheris
1189 1165 1401 1206 subternis
1431 1165 1670 1206 sessilibus.

305 1264 521 1316 Ephedra
550 1263 697 1305 ciliata
726 1263 771 1304 0.
797 1264 846 1303 A.
874 1263 1023 1315 Meyer
1046 1262 1240 1316 Ephedr.
1269 1264 1356 1304 100.

270 1361 448 1402 Habitat
466 1361 515 1401 in
539 1361 680 1401 Gilua.

218 1477 282 1519 19.
311 1477 534 1518 EPHEDRA
549 1485 970 1517 ANTISYPHYLITICA
984 1475 1248 1516 Berlandier
1256 1477 1403 1517 Plant.
1418 1477 1538 1517 Meae.
1555 1479 1724 1518 ecc-sice.
1734 1479 1788 1519 N.
1805 1481 1917 1523 1590.

376 1553 422 1595 Ο.
445 1553 497 1594 A.
522 1553 673 1606 Meyer
695 1553 888 1606 quhedr.
915 1552 1004 1595 101.
1027 1576 1077 1582 —
1106 1553 1285 1594 Habitat
1313 1554 1357 1594 in
1386 1554 1538 1595 Mexici
1567 1555 1790 1597 orientalis
1819 1572 1921 1611 pro-

376 1631 522 1672 vincia
548 1630 809 1686 Cohahuila,
847 1643 976 1684 prope
1005 1631 1169 1671 Lol-edo
1199 1632 1251 1671 ad
1278 1631 1360 1671 Rio
1391 1631 1456 1672 del
1484 1632 1632 1674 Norte.

376 1730 623 1783 „Specimen
653 1730 826 1770 unicum
854 1728 1091 1769 masculum
1117 1728 1231 1783 vidi,
1272 1729 1396 1769 valde
1435 1730 1731 1784 incompletum
1773 1738 1815 1772 et
1853 1734 1922 1772 vix

325 1809 526 1859 „florens,
555 1805 737 1860 speciei,
767 1809 813 1845 ut
839 1804 1019 1859 videtur,
1050 1805 1216 1845 omnino
1246 1805 1472 1846 distinctae.
1528 1807 1688 1848 Ramus
1716 1808 1963 1860 lignosusp.

325 1882 550 1937 „crassitie
577 1895 722 1935 pennae
752 1881 986 1935 anserinae,
1014 1894 1233 1935 ramosus,
1274 1881 1433 1922 cortice
1463 1882 1607 1932 griseo
1638 1884 1843 1938 vestitus,
1873 1886 1925 1925 ad

326 1959 558 2011 „articulos
587 1959 710 1998 valde
737 1957 1016 2011 incrassatus,
1045 1958 1246 2010 nodosus,
1277 1962 1317 1997 et
1348 1971 1398 1998 ex
1428 1958 1516 1999 illis
1549 1959 1671 2000 nodis
1701 1962 1925 2014 quotannis

326 2035 542 2087 „ramulos
569 2034 800 2074 herbaceos
838 2033 952 2073 circa
986 2034 1140 2073 nodum
1169 2035 1754 2088 aggregato-verticillatos,
1784 2042 1925 2077 rectos

326 2117 478 2166 „atque
507 2115 676 2151 erectos
703 2110 949 2163 proferenS,
987 2110 1196 2161 profunde
1226 2110 1441 2163 sulcatus,
1471 2115 1696 2161 punctatus
1725 2116 1765 2150 et
1795 2112 1925 2151 obso-

327 2189 436 2243 „lete
471 2187 786 2240 tulna-culmus,
824 2185 1074 2226 internodiis
1114 2186 1391 2239 pollicaribus
1420 2200 1461 2226 v.
1494 2187 1924 2243 sesquipollicaribus,

329 2266 408 2317 „ad
425 2264 647 2316 genicula,
678 2268 723 2304 ut
742 2263 911 2302 videtur
933 2262 1064 2303 facile
1085 2264 1392 2303 secedentibus.
1433 2264 1611 2314 Vaginae
1634 2264 1676 2304 in
1698 2265 1925 2317 specimine

326 2344 598 2395 „suppetente
628 2353 773 2380 omnes
802 2339 981 2380 detritae.
1026 2341 1143 2379 Inter
1170 2353 1313 2380 ramos
1344 2340 1575 2380 herbaceos
1605 2345 1646 2381 et
1675 2342 1727 2380 ad
1756 2342 1924 2382 illorum

327 2419 490 2471 „basim
523 2431 544 2458 e
580 2417 702 2457 nodis
738 2416 990 2457 incrassatis
1027 2429 1243 2457 ramorum
1280 2417 1607 2468 lig-nescentium
1643 2419 1928 2470 propullulant

327 2508 528 2548 „gemmae
568 2494 773 2535 solitariae
802 2507 843 2534 v.
875 2494 1030 2546 saepius
1068 2498 1336 2545 aggregatae,
1377 2493 1468 2533 aliae
1506 2495 1794 2549 amentiferae,
1834 2496 1926 2535 aliae

329 2572 558 2625 „fortassis
595 2571 733 2612 altero
760 2583 868 2611 anno
910 2570 1098 2611 ramulos
1130 2570 1360 2610 herbaceus
1397 2571 1680 2622 proferentes.
1747 2571 1928 2611 Amenta

329 2648 546 2700 „mascula
573 2649 626 2688 ad
654 2659 868 2688 ramorum
908 2648 1039 2686 nodos
1067 2646 1312 2699 pulvinatos
1341 2647 1453 2687 inter
1479 2647 1669 2686 ramulos
1698 2647 1929 2687 herbaceos

329 2724 551 2778 „sessilia‚
584 2728 823 2775 aggregata
841 2737 880 2762 v.
908 2723 1119 2763 interdum
1148 2724 1199 2763 ad
1228 2723 1414 2763 infimum
1443 2722 1595 2763 ramuli
1625 2723 1820 2762 herbacei
1849 2736 1928 2774 ge-

326 2801 539 2855 „niculum
559 2801 751 2855 sessilia,
785 2800 1080 2852 subsolitaria,
1120 2806 1284 2852 erecta,
1315 2800 1357 2840 in
1383 2799 1611 2853 specimine
1636 2800 1818 2840 nondum
1842 2802 1928 2839 flo-

328 2878 504 2932 „rentia,
533 2877 802 2929 glaberrima.
859 2877 1058 2917 Antherae
1088 2878 1112 2918 5
1142 2891 1183 2917 v.
1215 2875 1281 2918 6.“
1339 2876 1385 2917 Ο.
1414 2876 1464 2916 A.
1490 2876 1641 2929 Meyer
1665 2877 1694 2915 I.
1721 2890 1758 2916 c.

225 2993 291 3035 20.
321 2993 542 3034 EPHEDRA
570 3003 784 3033 APHYLLA
811 2993 1029 3034 Forskael
1051 2994 1172 3033 Flor.
1199 2992 1380 3046 Aeyypt.
1407 2992 1533 3033 Arab.
1569 2992 1638 3032 VI.
1666 2993 1928 3034 1?O.—-Ha-

381 3068 491 3109 bitat
518 3069 571 3109 ad
598 3070 847 3123 Rosettam‚
877 3069 920 3109 in
949 3069 1120 3123 sepibus
1148 3069 1386 3110 altissimis.

382 3168 557 3220 „Daulis
575 3173 703 3223 teres,
730 3170 941 3223 planatuS,
971 3170 1241 3225 articulatus,
1270 3170 1626 3222 subdichotomus,
1656 3169 1816 3220 glaber,
1848 3181 1927 3208 non

333 3244 564 3297 „sulcatus‚
593 3243 805 3296 aphyllus,
837 3245 1033 3286 crassitie
1062 3259 1206 3298 pennae
1237 3245 1507 3296 columbinae,
1538 3244 1731 3285 articulis
1761 3242 1928 3294 sesqui-
