2197 3649
345 179 460 230 2⁰⁶

634 447 693 512 1.
757 444 1457 517 PODOGARPUS
1516 450 1743 517 Her-it.

393 590 664 643 Podocarpus
702 591 897 633 Heritier
933 603 1038 634 msc.
1106 594 1256 634 Kunth
1282 594 1330 634 in
1358 594 1512 634 Humb.
1538 600 1581 634 et
1605 595 1761 648 Bonpl.
1795 595 1902 635 Nov.
1937 607 2035 649 qen.

445 671 488 706 et
512 677 577 718 sp.
607 666 662 706 ΙΙ.
689 667 727 708 2.
771 668 967 708 Richard
997 668 1144 721 Conif.
1172 669 1260 711 124.
1304 670 1434 709 Endl.
1459 683 1556 723 qen.
1578 671 1637 723 pl.
1665 683 1708 710 η.
1737 673 1850 714 1800.
1899 671 2037 712 Meis-

444 753 526 781 πᾶν
554 742 658 782 Gen.
680 744 771 785 353.
797 743 944 796 (264.)
986 745 1040 785 R.
1064 746 1231 785 Brown
1254 746 1300 784 in
1322 746 1545 797 Horsfield
1568 747 1713 786 Plaut.
1732 747 1836 786 Jav.
1855 760 1949 786 rar.
1971 748 2035 790 35.

444 818 609 869 Nageia
633 819 826 859 Gar-mer
850 819 1078 873 Carpoloy.
1105 820 1141 860 Ι.
1165 820 1253 862 191.
1276 828 1304 861 t.
1326 822 1390 863 39.
1431 822 1537 862 'faxi
1563 835 1677 874 spec.
1699 823 1862 862 Thunb.
1893 823 2035 863 Willd.

452 894 655 935 Wicksm
685 896 877 949 Juniperi
906 910 967 950 sp.
995 898 1133 937 Rooeb.
1160 898 1326 937 Pavon.
1386 898 1562 950 Myricae
1591 912 1653 951 sp.
1681 898 1845 938 Thvtnb.

406 1012 567 1063 Flores
603 1014 758 1063 dioici
794 1021 881 1064 aut
910 1016 1077 1065 rarius
1112 1016 1167 1065 in
1198 1016 1413 1066 diversis
1450 1017 1606 1066 ramis
1637 1017 1877 1066 monoici.
1921 1017 2036 1067 Sta—

337 1114 508 1178 miniq.
534 1112 741 1164 Ameuta
776 1115 1067 1165 terminalia
1102 1122 1189 1165 aut
1224 1116 1411 1182 saepius
1448 1116 1697 1176 axillaria,
1732 1117 1961 1167 solitaria
1988 1134 2035 1166 v.

337 1214 489 1279 plura
539 1215 593 1263 in
640 1215 938 1281 pedunculo
988 1216 1249 1265 communi
1294 1216 1624 1276 fasciculata,
1677 1217 1793 1267 laxe
1840 1218 2039 1283 spicata

338 1320 426 1364 aut
473 1316 865 1375 subracemosa,
915 1317 1054 1366 nuda
1102 1316 1214 1366 basi
1258 1316 1481 1366 bracteis
1522 1317 1805 1367 imbricatis
1843 1318 2036 1376 cincta,

338 1429 511 1463 crasse
562 1414 844 1481 cylindrica
883 1433 929 1464 v.
966 1415 1194 1464 filiformi
1238 1416 1463 1482 gracilia.
1541 1415 1769 1465 Stamina
1814 1417 2037 1482 plurima

338 1513 420 1561 axi
470 1514 690 1573 inserta,
747 1517 995 1580 filamenta
1046 1515 1379 1574 brevissima,
1440 1517 1653 1565 antherae
1702 1515 2036 1574 biloculares,

338 1613 643 1663 connectivo
680 1615 1094 1679 squamaeformi,
1130 1616 1388 1665 interdum
1424 1616 1635 1664 minimo
1680 1615 1913 1664 obsoleto
1950 1631 2036 1664 su-

336 1718 555 1776 peratae,
592 1716 754 1762 loculis
790 1715 1038 1779 appositis
1077 1721 1368 1765 extrorsum
1404 1715 1807 1765 dehiscentibus,
1878 1715 2038 1764 Flores

335 1815 654 1877 qemmuliferi
688 1814 898 1879 spicati,
949 1815 1093 1880 spica
1133 1816 1396 1865 rarissime
1438 1815 1580 1875 laxa,
1627 1815 1910 1880 saepissime
1948 1815 2037 1864 ab-

336 1912 582 1971 breviata,
617 1913 985 1973 uni—biflora,
1009 1915 1231 1963 bracteis
1253 1931 1370 1963 cum
1396 1914 1576 1963 rhachi
1597 1930 1817 1963 carnosa
1837 1914 2034 1963 coalitis

337 2018 389 2061 et
422 2012 533 2061 solo
571 2013 716 2078 apice
751 2013 948 2073 liberis,
978 2031 1023 2063 v.
1061 2013 1243 2062 rhachi
1280 2030 1499 2063 carnoso
1535 2014 1821 2064 incrassata
1857 2014 2036 2063 ebrac-

334 2117 473 2161 teata
497 2113 680 2161 semini
703 2116 1048 2178 receptaculum
1075 2130 1350 2163 succosum
1375 2114 1743 2179 praebentibus.
1816 2113 2034 2178 Squama

336 2211 632 2261 ebracteata
666 2229 711 2261 v.
735 2212 790 2261 in
823 2213 1047 2263 bracteae
1085 2213 1237 2262 axilla
1273 2213 1501 2262 solitaria
1536 2213 2033 2279 subcymbaeformis,

335 2310 470 2359 infra
505 2311 706 2377 apicem
742 2312 1117 2378 gemmulifera.
1177 2312 1429 2363 Gemmula
1464 2314 1634 2371 unica,
1670 2312 1803 2361 infra
1834 2313 2033 2378 apicem

336 2426 565 2475 squamae
604 2411 815 2470 sessilis,
851 2412 1080 2471 inversa,
1118 2429 1346 2477 squamae
1375 2412 1525 2477 juxta
1558 2417 1719 2459 totam
1753 2410 2035 2476 longitudi-

336 2524 456 2558 nem
493 2510 699 2567 adnata,
750 2512 1067 2573 iatequmeuto
1104 2511 1363 2559 exteriore
1399 2510 1452 2558 in
1478 2492 1678 2558 'collum
1718 2510 1876 2558 breve
1912 2525 2034 2574 pro-

339 2608 494 2657 ducto
530 2608 942 2674 integumentum
977 2610 1192 2659 interius
1228 2616 1454 2676 tegente.
1538 2609 1709 2658 Semen
1744 2609 2036 2666 inversum,

335 2707 692 2773 integumento
730 2709 973 2758 exteriori
1010 2725 1229 2758 carnoso
1269 2726 1385 2758 cum
1427 2725 1642 2775 squama
1677 2709 1823 2773 apice
1859 2708 2035 2773 saepis-

337 2807 464 2855 sime
499 2808 552 2855 in
589 2808 851 2873 apiculum
886 2809 1100 2858 brevem
1135 2809 1393 2874 producta
1430 2808 1638 2856 omnino
1677 2813 1915 2864 connato,
1956 2807 2033 2854 in-

335 2906 526 2954 teriore
561 2923 685 2955 vero
737 2923 887 2956 osseo
931 2909 1267 2972 drupaceum.
1338 2907 1551 2968 Embryo
1598 2906 1650 2954 in
1697 2906 1843 2970 apice
1887 2905 2031 2954 albu-

335 3005 486 3053 minis
522 3004 768 3054 farinacei
806 3007 1111 3070 antitropus.

406 3102 609 3152 Arbores
643 3105 835 3152 excelsoe
871 3121 914 3152 v.
955 3107 1119 3152 rarius
1153 3106 1378 3168 frutices,
1419 3107 1471 3153 in
1514 3106 1852 3169 extratropicis
1885 3106 2032 3152 hemi-

338 3205 535 3268 sphaerae
581 3204 807 3251 australis
855 3212 896 3250 et
948 3205 1001 3251 in
1049 3204 1264 3266 Japom'a
1310 3207 1602 3268 frequentes,
1666 3207 1718 3252 in
1765 3205 2031 3266 reqionibus
