2197 3649
311 188 429 240 304
881 198 1168 234 ABIETINEAE
1207 197 1456 232 FossnAEs.

523 323 761 378 patentibus
790 321 1085 374 subpatulisve
1116 320 1334 361 subtiliter
1356 296 1541 361 striatis.
1557 342 1609 347 -—
1627 319 1821 360 Albertia
1839 318 2025 359 latifolia

524 402 719 453 Schimp.
750 405 791 440 et
816 398 1023 451 Mouyeot
1045 396 1245 451 Monoyr.
1278 397 1339 438 17.
1372 402 1400 436 t.
1429 397 1485 438 2.-
1527 395 1724 436 Albertia
1751 395 2027 436 rhomboidea

521 482 563 518 et
590 475 784 518 Albertia
824 473 1011 515 latifolia
1044 473 1278 526 Schimper
1305 473 1352 513 in
1381 473 1509 513 Mem.
1547 483 1635 512 soc.
1673 472 1713 512 Ιι.
1747 484 1790 512 n.
1825 471 2022 512 Strassb.

521 553 581 593 ΙῙ.
608 554 654 594 ’1.
681 575 732 580 —
764 553 812 591 In
840 550 1064 604 psammite
1105 548 1328 600 variegato
1373 549 1426 588 ad
1468 547 1855 590 Soulz-les-Bains
1893 560 2024 600 prope

523 631 858 681 Argentoratum
889 627 1052 667 Galliae.

367 709 456 750 155.
487 707 785 747 HAIDINGERA
813 713 1060 744 ELLIPTICA
1087 701 1219 742 Endl.
1251 701 1299 741 in
1328 701 1472 754 Unyer
1499 701 1691 754 Synops.
1722 702 1814 744 203.
1870 703 1925 742 H.
1952 714 2026 742 ra-

522 783 602 822 mis
643 781 852 834 pinnatis,
892 779 1014 820 foliis
1051 783 1196 819 exacte
1236 777 1436 829 ellipticis
1476 777 1616 818 rarius
1652 778 1907 819 acuminatis
1933 778 2026 819 basi

522 856 938 910 subdecurrentibus,
970 855 1064 908 plus
1094 854 1235 894 minus
1264 853 1442 893 remotis
1470 853 1712 905 patentibus
1736 854 1922 894 disticha
1952 854 2028 894 de-

517 934 650 985 jectis
677 931 764 984 (22)
791 946 831 973 v.
859 930 1137 972 subsccundis
1166 929 1536 980 longitudinaliter
1559 930 1740 970 striatis.
1761 952 1814 958 —-
1835 929 2030 970 Albertia

523 1011 715 1065 elliptica
741 1009 974 1062 Schimper
1001 1012 1044 1047 et
1069 1006 1498 1067 Mouyeot‘Monoyr.
1531 1007 1594 1047 18.
1621 1012 1649 1046 t.
1677 1007 1714 1048 3.
1740 1005 1775 1058 f.
1803 1007 1840 1048 3.
1867 1007 1905 1047 4.
1943 1006 2027 1046 Al-

523 1088 662 1130 bertia
698 1086 890 1140 elliptica
917 1090 958 1127 et
986 1085 1183 1126 Albertia
1225 1085 1412 1125 secunda
1439 1084 1678 1137 Schimper
1704 1085 1752 1124 in
1779 1083 1909 1123 Mem.
1935 1095 2025 1124 soc.

522 1167 564 1206 Ιι.
590 1178 633 1206 η.
659 1164 856 1205 strassb.
883 1163 942 1203 II.
974 1163 1011 1204 1.
1036 1186 1085 1192 ——
1120 1164 1170 1202 In
1211 1161 1361 1203 stratis
1403 1161 1650 1213 argillaceis
1686 1162 1740 1202 ad
1780 1160 2029 1202 Soulz-les-

523 1243 655 1284 Bains
682 1254 808 1295 prope
838 1241 1187 1291 Argentoratum.

371 1322 459 1364 156.
490 1322 786 1362 mmmm..
813 1319 1012 1358 Bmmn
1041 1316 1174 1356 Endc.
1205 1317 1251 1356 in
1285 1299 1430 1369 Unyer
1457 1315 1648 1368 synops.
1679 1313 1772 1356 204.
1829 1315 1884 1354 H.
1912 1313 2029 1355 foliis

526 1396 692 1448 magnis
733 1393 1138 1445 obovato-oblongis
1177 1393 1356 1446 obtusis,
1398 1391 1534 1432 basim
1563 1404 1714 1432 versus
1753 1391 1913 1432 sensim
1947 1404 2027 1431 an—

528 1473 711 1525 gustatis
741 1471 1061 1513 decurrentibus
1090 1470 1271 1524 patulis,
1300 1469 1427 1520 ¹striis
1456 1468 1696 1509 numerosis
1725 1467 1955 1508 distinctis.
1977 1490 2026 1496 -—

527 1550 721 1592 Albertia
747 1549 922 1590 Braunii
950 1548 1184 1600 Scln'mper
1211 1547 1410 1600 Monoqr.
1439 1547 1501 1587 19.
1529 1552 1557 1585 t.
1583 1546 1620 1586 5.
1647 1545 1698 1584 A.
1720 1568 1766 1574 —
1788 1546 1837 1585 In
1861 1544 2027 1585 schisto

520 1640 734 1683 Varenaceo
763 1626 815 1666 ad
845 1624 1230 1666 Soulz-les-Bains
1258 1637 1387 1677 prope
1417 1623 1766 1673 Argentoratum.

373 1704 462 1746 157.
492 1704 787 1743 HAIDINGERA
812 1710 1029 1740 SPECIOSA
1057 1700 1189 1739 Endl.
1216 1700 1264 1739 in
1295 1699 1441 1752 Unyer
1463 1699 1650 1751 Synops.
1677 1698 1769 1739 203.
1827 1698 1880 1737 H.
1907 1696 2027 1737 foliis

529 1777 972 1831 elongato-ellipticis
1008 1776 1249 1830 patentibus
1278 1789 1318 1816 v.
1349 1774 1506 1829 patulis
1545 1775 1640 1828 plus
1669 1774 1809 1814 minus
1838 1773 2028 1828 remotis,

528 1856 621 1897 basi
651 1855 892 1907 angustatis
922 1854 1041 1908 apice
1072 1853 1376 1894 obtusiusculis
1405 1851 1575 1892 omnino
1608 1851 1748 1905 planis
1781 1850 2029 1892 tenuissime

528 1932 707 1975 striatis.
729 1956 778 1963 —
798 1931 994 1972 Albertia
1022 1930 1217 1984 speciosa
1244 1929 1482 1982 Schimper
1506 1928 1707 1982 Monoyr.
1732 1926 1798 1969 20.
1839 1932 1868 1968 t.
1908 1927 1946 1968 5.
1971 1927 2026 1967 B.

529 2033 581 2038 —-
608 2011 657 2050 In
696 2008 863 2050 schisto
900 2020 1107 2049 arenaceo
1148 2007 1200 2047 ad
1229 2005 1613 2047 Soulz-les-Bains
1649 2016 1776 2058 prope
1805 2003 2027 2055 Argento-

529 2091 679 2128 ratum.

884 2229 948 2277 X.
986 2228 1024 2276 F
1029 2233 1279 2277 ficHsELIA
1315 2226 1464 2276 Endl.

425 2342 672 2384 Strobilites
700 2341 935 2394 Schimper
963 2345 1004 2380 et
1030 2338 1234 2392 Mouqeot
1260 2338 1457 2391 Monoqr.
1485 2339 1547 2391 pl.
1587 2337 1698 2389 foss.
1726 2338 2026 2391 gyre'S-biqarr.

485 2421 634 2473 Vogyes.
662 2420 726 2461 31.
755 2425 782 2458 t.
810 2418 846 2459 1.
898 2417 1029 2457 Εηάῖ.
1057 2416 1160 2456 Gen.
1184 2417 1244 2467 pl.
1272 2415 1429 2468 Suppl.
1459 2415 1496 2454 I.
1530 2415 1645 2456 1373.
1672 2414 1733 2454 ΙΙ.
1757 2415 1823 2456 27.
1885 2414 2027 2468 Unqer

478 2496 670 2548 Synops.
688 2495 788 2536 ⁷204.

392 2596 629 2645 Strobilus
672 2592 1250 2642 obovato-subclavatus
1289 2591 1434 2655 apice
1477 2590 1773 2639 umhilicato
1815 2590 2027 2655 depres-

321 2696 437 2737 sus,
475 2675 702 2742 squamis
738 2673 1021 2723 imbricatis
1052 2672 1192 2731 latis,
1232 2672 1377 2737 apice
1413 2677 1652 2721 truncato
1680 2671 2026 2721 eroso-denti-

323 2759 521 2809 culatis.

390 2872 465 2920 De
494 2870 544 2920 C.
578 2869 639 2919 G.
663 2869 895 2917 Filchselii
919 2867 1306 2916 Ihnenaviensis
1332 2867 1384 2914 in
1410 2865 1677 2913 scientiam
1704 2864 2025 2931 geologicam

459 2950 655 2999 meritis
680 2950 781 2998 vid.
809 2950 942 2998 Boue'
978 2949 1153 2997 Journ.
1190 2949 1245 2995 de
1285 2946 1479 3009 Ge'oloq.
1516 2946 1586 2994 II.
1620 2946 1731 2993 191.

379 3082 469 3122 158.
499 3080 772 3120 Fremant
801 3079 1058 3118 SCHIMPERI
1086 3075 1220 3115 Endl.
1288 3077 1338 3115 F.
1370 3075 1537 3115 strobili
1576 3074 1842 3128 bipollicaris
1877 3074 2028 3128 (apice

534 3154 616 3196 6‘¹‘
646 3150 757 3204 lat.)
796 3151 982 3206 squamis
1017 3150 1173 3190 infimis
1211 3150 1341 3191 multo
1372 3150 1603 3190 minoribus
1633 3149 1770 3189 efoetis
1798 3149 1841 3189 in
1868 3150 2029 3202 pedun-

535 3231 675 3272 culum
704 3228 947 3280 angulatum
980 3226 1397 3268 subdecurrentibus.
1431 3250 1481 3258 -—
1522 3226 1764 3267 Strobilites
1800 3226 2025 3267 laricoides
