2197 3649
336 207 410 257 34
967 219 1394 254 wmnmxo‘romA.

491 343 649 383 Frutex
677 340 1014 397 quadripedalis,
1049 342 1225 383 ramulis
1254 341 1490 396 elongatis,
1523 340 1778 392 fastigiatis.
1833 339 1958 381 Folia
1985 340 2028 381 in

437 417 569 458 ramis
589 422 739 470 acuta,
768 417 1057 473 subpatentia,
1087 418 1129 458 in
1150 417 1326 458 ramulis
1348 418 1520 469 obtusa,
1552 415 1857 471 quadrifariam
1877 415 2028 456 imbri-

437 497 548 533 cata.
590 492 766 533 Strobili
787 506 909 547 quam
929 492 971 533 in
991 493 1253 547 praecedente
1274 494 1482 546 majores,
1512 492 1654 547 ovati,
1686 491 1849 544 obtusi,
1879 491 2030 532 9-10

436 568 511 609 lin.
541 568 683 621 longi,
712 569 852 609 valvis
883 569 1087 623 lignosis,
1126 571 1250 610 dorso
1279 582 1426 623 parum
1456 569 1678 623 convexis,
1716 569 1876 622 acutis,
1913 568 2029 607 infra

437 645 600 699 apicem
629 658 828 686 mucrone
856 660 985 700 parvo
1016 647 1163 687 conico
1191 646 1485 699 patentissimo
1516 645 1751 699 superatis,
1781 645 1897 685 intus
1923 656 2029 684 acu-

439 722 604 763 tissime
633 722 854 763 carinatis.
911 723 1086 763 Semina
1112 735 1194 762 non
1225 722 1325 762 vidi.

640 871 687 920 3.
724 871 1158 919 WmnmNGTomA
1194 883 1541 918 comfflnsoml
1573 869 1723 918 Endl.

401 996 823 1062 Widdringtonia
859 994 1055 1044 strobili
1092 995 1319 1059 squamis
1357 994 1562 1043 muticis
1598 1011 1644 1043 v.
1680 995 1764 1044 vix
1803 1011 2028 1060 superne

333 1077 653 1136 umbonatis,
689 1077 826 1125 intus
865 1076 1106 1124 carinatis
1143 1075 1540 1140 pentaspermis.

439 1202 580 1244 Thuia
608 1201 960 1256 quadrangularis
992 1200 1162 1240 Venten.
1193 1201 1241 1240 in
1268 1200 1408 1240 Nouv.
1438 1200 1625 1240 Duham.
1655 1200 1737 1240 111.
1768 1200 1831 1241 16.

439 1279 696 1333 Pachylepis
733 1277 1042 1319 Oommersonii
1083 1278 1279 1328 anyn.
1326 1277 1374 1318 in
1413 1277 1569 1318 Amzal.
1615 1288 1677 1318 sc.
1719 1283 1808 1318 nat.
1853 1277 1890 1318 1.
1931 1277 2032 1317 Ser.

492 1355 636 1396 XXX.
668 1355 758 1396 190.

403 1481 610 1529 Habitat
647 1481 701 1528 in
736 1481 894 1528 insula
920 1478 1276 1542 Madaqascar,
1319 1480 1433 1528 olim
1467 1480 1520 1527 in
1555 1480 1691 1528 horto
1724 1479 2032 1529 Mauritiano

340 1579 365 1609 ))
382 1563 422 1610 le
458 1562 670 1610 Reduz’t«
713 1562 857 1609 culta.

493 1696 691 1752 „Ramuli
726 1700 941 1750 patentes,
984 1695 1277 1749 approximati.
1346 1695 1469 1735 Folia
1495 1694 1771 1748 brevissima,
1819 1694 1862 1735 in
1904 1696 2036 1737 ramis

441 1779 595 1829 „acuta
623 1779 665 1814 et
694 1773 920 1826 distantia,
950 1772 992 1812 in
1021 1772 1198 1812 ramulis
1227 1772 1446 1812 obtusiora
1465 1776 1506 1811 et
1526 1771 1840 1824 approximata,
1869 1777 1910 1812 et
1929 1772 2036 1812 sub-

442 1848 729 1904 „quadrifarie
762 1848 981 1901 disposita.
1021 1849 1206 1888 Fructus
1233 1848 1420 1902 globosi,
1449 1860 1597 1888 nucem
1627 1852 1864 1901 aequantes,
1892 1847 2035 1902 laeves,

442 1925 655 1980 „squamis
686 1924 973 1965 crassissimis
1002 1925 1200 1977 muticis,
1242 1925 1312 1965 vix
1350 1938 1528 1978 superne
1556 1924 1808 1965 umbonatis.
1865 1924 2039 1965 Semina

443 2001 651 2055 „oblonga
662 2031 673 2054 ,
703 1997 860 2040 alata.“
914 2000 1112 2053 Bronyn.
1141 2001 1170 2040 l.
1202 2012 1238 2039 c.

816 2149 1079 2198 SPECIES
1115 2149 1556 2209 INQUIRENDAE.

336 2284 382 2325 4.
419 2285 837 2328 Wmnnmaoeomm
871 2291 1188 2322 NATALENffls.
1222 2308 1270 2313 -
1301 2285 1476 2325 Habitat
1500 2284 1556 2324 ad
1588 2284 1855 2325 Pori—Nabal
1870 2283 2041 2336 Africoe

547 2364 777 2403 australis.

493 2463 648 2503 Planta
676 2477 701 2502 a
728 2463 953 2502 Krausseo
982 2467 1023 2502 et
1055 2476 1081 2502 a
1107 2461 1323 2501 Gueinzio
1352 2474 1373 2500 e
1402 2461 1676 2500 Port-Natal
1710 2460 1865 2515 missa,
1904 2460 2038 2500 Wid-

442 2538 695 2588 dringtoniae
727 2538 989 2590 cupressoidi
1020 2539 1239 2577 admodum
1268 2537 1448 2589 similis,
1490 2538 1562 2577 sed
1599 2536 1744 2576 habitu
1773 2536 1903 2576 multo
1932 2549 2037 2587 gra—

444 2614 593 2655 ciliore
632 2614 825 2666 diversa,
872 2618 913 2652 et
950 2613 1069 2652 foliis
1111 2613 1302 2652 omnibus
1347 2613 1509 2665 acutis,
1561 2613 1684 2652 dorso
1727 2611 2039 2663 glanduligeris

444 2690 672 2743 distincta,
704 2689 888 2742 speciem
915 2689 1068 2729 sistere
1098 2688 1265 2728 videtur
1293 2689 1531 2742 propriam,
1571 2689 1716 2728 fructu
1746 2688 1965 2729 deficiente
1994 2688 2036 2727 h.

441 2767 469 2807 l.
500 2772 641 2808 tamen
670 2767 779 2806 haud
807 2766 1115 2806 stabiliendam.
1172 2765 1321 2804 Florcs
1350 2764 1638 2816 gemmulifcri
1669 2764 1710 2804 in
1740 2766 1916 2807 ramulis
1944 2772 2037 2808 ter-

445 2842 670 2883 minalibus
699 2842 791 2881 laxo
821 2841 990 2893 spicati.

341 2973 384 3018 5.
421 2974 837 3015 WmnmNGTOMA
874 2972 1174 3014 WALLlcflu.
1207 2998 1255 3003 —-
1286 2973 1461 3013 Habitat
1487 2973 1542 3012 ad
1571 2972 1712 3026 Caput
1737 2974 1855 3013 home
1881 2973 2001 3027 Spei.

497 3076 692 3130 Speciem
720 3075 1082 3126 Widdringtoniae
1112 3074 1373 3127 cupressoidi
1402 3074 1597 3125 affinem,
1637 3073 1711 3112 sed
1745 3078 1860 3114 certe
1889 3073 2038 3114 diver-

444 3163 561 3203 sam,
602 3165 627 3191 a
654 3150 891 3191 Wallichio
929 3163 1061 3203 nuper
1089 3163 1111 3190 e
1141 3149 1288 3202 Capite
1324 3149 1440 3189 bonae
1471 3147 1570 3201 Spei
1609 3148 1806 3204 missam,
1848 3161 2038 3190 comme-

447 3231 584 3269 morat
612 3226 784 3267 Hooker
811 3227 872 3278 fil.
902 3227 950 3267 in
977 3226 1159 3266 London
1186 3226 1348 3265 Jonrn.
1380 3224 1435 3275 of
1457 3225 1553 3266 Boc.
1585 3225 1655 3265 IV.
1688 3226 1776 3267 141.
