2197 3649
319 192 434 241 256
1031 195 1290 230 EPHEDRA.

423 325 620 378 Ephedva
643 322 885 363 amerieana
907 320 1092 361 Bertero
1115 319 1163 358 in
1182 317 1368 358 Linnoea
1387 315 1492 357 Lite.
1518 315 1620 356 Ber.
1650 312 1746 354 VII.
1771 313 1835 355 46.
1866 311 2018 366 Meyen

477 401 605 441 Reise
636 400 668 438 l.
694 399 784 440 300.
811 397 900 439 306.
927 396 1017 437 313.
1060 394 1113 435 Ν.
1140 393 1188 433 A.
1217 393 1268 433 Ν.
1297 392 1341 432 0.
1370 391 1483 431 XVI.
1509 390 1666 443 Suppl.
1696 389 1755 428 ΙΙ.
1781 388 1872 430 424.
1897 387 2016 427 eoecl.

476 488 628 530 synon.
655 487 741 515 non
765 473 919 513 Humb.
947 477 991 511 et
1010 471 1167 522 Bonpc.

424 553 620 606 Ephedra
646 552 864 592 bracteata
893 548 1030 588 Miers
1054 547 1238 586 'l'ravees
1262 546 1309 585 in
1335 544 1455 585 0122·oe
1479 542 1536 582 ΙΙ.
1564 541 1653 583 531.
1711 540 1865 593 Meyen
1888 539 2020 579 Reice

479 630 514 668 Ι.
546 628 635 670 313.

424 704 622 758 Ephedra
651 701 853 743 chilensis
882 699 1020 741 Miers
1044 710 1102 739 ecc
1125 697 1278 750 Meyen
1300 696 1348 735 in
1371 695 1424 735 N.
1451 694 1502 734 A.
1527 693 1580 733 Ν.
1608 692 1653 734 0.
1679 693 1707 732 l.
1734 705 1770 732 c.

386 805 593 854 Habitat
623 805 677 850 in
704 801 832 851 Chile
866 800 1095 848 australis
1123 796 1354 851 Andibus,
1392 803 1431 842 et
1463 795 1516 842 in
1545 792 1759 842 Peruvioe
1793 791 2020 840 australis

322 889 428 950 alpe
455 884 586 934 Altos
616 885 670 931 de
699 882 743 930 T
738 882 886 938 oledO,
928 882 1014 928 alt.
1046 878 1209 926 15500
1229 874 1258 923 ¹.

481 981 617 1022 Arbor
652 978 758 1019 satis
798 977 909 1030 alta,
947 975 992 1015 in
1031 973 1288 1015 stationibus
1324 971 1502 1012 elevatis
1539 970 1582 1010 in
1613 968 1809 1010 fruticuli
1846 967 2018 1009 demissi

425 1063 630 1099 staturam
656 1056 922 1104 decrescens,
953 1051 1122 1102 vaginis
1145 1050 1349 1104 profunde
1374 1048 1536 1102 bifidis,
1566 1046 1717 1087 foliolo
1741 1045 1861 1086 brevi
1888 1044 2021 1086 subu-

423 1134 510 1174 lato
555 1130 806 1172 articulatis.
865 1129 1048 1169 Amenta
1085 1126 1365 1176 staminigera
1401 1125 1443 1166 in
1483 1123 1603 1177 apice
1641 1121 1794 1163 ramuli
1821 1132 2019 1175 perquam

421 1209 565 1249 brevis
594 1208 735 1259 3-5,
765 1211 837 1246 aut
864 1205 1072 1244 interdum
1101 1202 1228 1243 etiam
1256 1200 1462 1242 solitaria.
1519 1200 1700 1239 Amenta
1727 1195 2024 1249 gemmulifera

426 1283 623 1325 solitaria
651 1286 722 1322 aut
750 1281 892 1321 rarius
921 1285 1066 1332 terna,
1096 1277 1375 1331 pedunculum
1403 1275 1650 1330 pollicarem
1679 1287 1722 1314 v.
1751 1271 2023 1328 sesquipolli-

427 1371 590 1410 cai-em,
619 1357 754 1397 medio
785 1355 1052 1395 articulatum
1083 1353 1371 1394 terminantia.

456 1478 503 1525 5.
557 1476 810 1523 EPHEDRA
846 1486 1207 1521 STENOSPERMA
1245 1470 1481 1519 Schrenk
1512 1476 1563 1518 et
1587 1467 1639 1517 C.
1666 1469 1723 1516 Α.
1750 1467 1884 1533 Mey.

392 1573 714 1639 Thraupalus
739 1571 948 1621 ramulis
972 1569 1326 1627 tuberculatis,
1351 1567 1542 1617 amenti
1568 1565 1912 1632 gemmuliferi
1932 1580 2020 1614 va-

322 1657 453 1725 ginis
479 1654 646 1704 bifidis
673 1653 900 1701 scarioso
927 1650 1244 1715 marginatiS‚
1269 1649 1461 1697 intimae
1481 1646 1781 1696 semibifidae
1802 1645 2020 1694 nuculas

320 1739 543 1787 lineares
582 1734 832 1800 aequantis
869 1732 993 1781 tubo
1030 1731 1255 1789 incluso,
1307 1728 1617 1795 micropyles
1654 1727 1835 1778 tubulo
1872 1725 2017 1775 brevi
2068 1728 2074 1731 “

323 1824 466 1869 recto
492 1817 706 1866 limbum
730 1813 1000 1879 ligulatum
1025 1816 1322 1876 superante.

425 1915 625 1968 Ephedra
644 1917 933 1964 stenosperma
951 1909 1149 1948 Schrenk
1168 1914 1210 1948 et
1228 1908 1273 1948 0.
1291 1907 1340 1946 A.
1359 1907 1510 1959 Meyer
1523 1906 1718 1959 Ephedr.
1740 1906 1803 1946 77.
1825 1910 1853 1945 t.
1873 1904 1911 1946 3.
1925 1902 1963 1955 f.
1981 1905 2019 1944 5.

389 2015 593 2066 Habitat
617 2014 671 2061 in
696 2011 911 2060 arenosis
935 2009 1104 2058 deserti
1130 2007 1386 2072 Sonqorici
1410 2008 1475 2056 ad
1496 2007 1697 2072 fluvium
1719 2005 1949 2069 Saryssu.

763 2142 809 2190 6.
861 2141 1115 2188 EPHEDRA
1149 2152 1395 2187 VULGARIS
1431 2137 1575 2186 Rich.

389 2242 713 2308 Thraupalus
739 2239 894 2289 ramis
918 2238 1072 2287 rectis
1097 2236 1457 2294 tuberculatiS,
1496 2235 1713 2285 amentis
1752 2236 1817 2284 ad
1849 2249 2019 2284 ramo-

318 2342 434 2375 rum
454 2322 696 2373 articulos
717 2319 1081 2370 subsessilibus
1102 2335 1147 2366 v.
1163 2316 1541 2382 pedunculatis,
1577 2315 1874 2380 pedunculo
1895 2330 2019 2363 con-

320 2406 463 2455 tinuo
511 2404 617 2452 sive
655 2400 925 2450 articulato
972 2404 1144 2456 rect0,
1192 2396 1417 2446 antberis
1457 2396 1755 2444 suboctonis
1772 2432 1785 2453 ,
1834 2393 2018 2444 mediis

320 2484 555 2549 stipitatis
571 2520 583 2541 ,
644 2481 833 2530 amenti
884 2477 1227 2545 gemmuliferi
1271 2476 1571 2542 subglobosi
1607 2476 1804 2541 vaginis
1852 2475 2017 2525 tribus

319 2561 690 2627 immarginatis
706 2558 894 2616 bifidis,
913 2559 1103 2607 intimae
1124 2557 1341 2607 nuculas
1364 2556 1790 2622 ovato-oblongas
1810 2570 2019 2620 aequan-

320 2645 384 2694 tis
408 2644 531 2692 tubo
557 2641 775 2697 incluSO,
812 2639 1121 2703 micropyles
1157 2638 1339 2687 tubulo
1375 2636 1520 2686 brevi
1553 2643 1696 2685 recto
1720 2636 1934 2686 limbum
1958 2633 2018 2682 li-

322 2724 552 2789 gulatum
577 2725 877 2784 superante.

452 2817 648 2870 Ephedra
675 2814 867 2864 vulgaris
896 2814 1093 2853 Richard
1118 2812 1262 2863 C‘om'f.
1286 2813 1350 2855 26.
1404 2812 1449 2852 Ο.
1475 2811 1524 2851 A.
1551 2812 1698 2863 Meyer
1735 2810 1928 2862 Ephedr.
1949 2810 2016 2851 80.

372 2907 413 2934 a.
454 2899 840 2932 SUBTRISTACHYA
883 2889 929 2929 Ο.
965 2890 1013 2929 A.
1052 2889 1203 2941 Meyer
1235 2890 1261 2928 l.
1299 2901 1334 2928 c.
1391 2888 1574 2928 Amenta
1610 2887 1662 2927 ad
1690 2885 2017 2940 pedunculorum

452 2969 614 3021 apicem
644 2966 796 3019 saepius
826 2965 1039 3005 subterna.

454 3045 611 3084 Croton
643 3040 902 3093 Anquillara
926 3040 1089 3092 Sempl.
1116 3039 1181 3078 ed.
1209 3038 1427 3078 Mar-ineu,
1453 3038 1544 3080 204.

450 3121 687 3160 Racemosa
708 3116 896 3169 Equiseti
918 3115 1028 3155 facie
1049 3116 1191 3166 planta
1211 3116 1375 3166 Tragos
1403 3128 1439 3153 v.
1464 3116 1689 3165 'frag-anon
1711 3113 1854 3154 Diosc.
1887 3111 2018 3152 Lobel

502 3193 683 3233 Advers.
712 3203 808 3231 nov.
836 3192 927 3231 355.
