<?xml version="1.0" encoding="UTF-8"?>
<!DOCTYPE html PUBLIC "-//W3C//DTD XHTML 1.0 Transitional//EN"
    "http://www.w3.org/TR/xhtml1/DTD/xhtml1-transitional.dtd">
<html xmlns="http://www.w3.org/1999/xhtml" xml:lang="en" lang="en">
 <head>
  <title>
</title>
<meta http-equiv="Content-Type" content="text/html;charset=utf-8" />
  <meta name='ocr-system' content='tesseract 3.04.00' />
  <meta name='ocr-capabilities' content='ocr_page ocr_carea ocr_par ocr_line ocrx_word'/>
</head>
<body>
  <div class='ocr_page' id='page_1' title='image "./synopsisconifera1847endl/synopsisconifera1847endl_0204.png"; bbox 0 0 2197 3649; ppageno 0'>
   <div class='ocr_carea' id='block_1_1' title="bbox 285 207 1324 255">
    <p class='ocr_par' dir='ltr' id='par_1_1' title="bbox 285 207 1324 255">
     <span class='ocr_line' id='line_1_1' title="bbox 285 207 1324 255; baseline -0.007 0"><span class='ocrx_word' id='word_1_1' title='bbox 285 207 310 254; x_wconf 87' lang='lat'>1</span> <span class='ocrx_word' id='word_1_2' title='bbox 322 207 397 255; x_wconf 77' lang='lat'>96</span> <span class='ocrx_word' id='word_1_3' title='bbox 950 215 1324 249; x_wconf 62' lang='lat' dir='ltr'>Aurunci-Ans.</span> 
     </span>
    </p>
   </div>
   <div class='ocr_carea' id='block_1_2' title="bbox 384 337 1987 469">
    <p class='ocr_par' dir='ltr' id='par_1_2' title="bbox 384 337 1987 469">
     <span class='ocr_line' id='line_1_2' title="bbox 384 337 1987 394; baseline -0.003 -12"><span class='ocrx_word' id='word_1_4' title='bbox 384 342 479 393; x_wconf 78' lang='lat' dir='ltr'>„ala</span> <span class='ocrx_word' id='word_1_5' title='bbox 508 356 528 382; x_wconf 86' lang='lat' dir='ltr'>e</span> <span class='ocrx_word' id='word_1_6' title='bbox 559 346 679 382; x_wconf 81' lang='lat' dir='ltr'>testae</span> <span class='ocrx_word' id='word_1_7' title='bbox 709 339 965 394; x_wconf 86' lang='lat' dir='ltr'>epidermide</span> <span class='ocrx_word' id='word_1_8' title='bbox 1003 344 1166 380; x_wconf 83' lang='lat' dir='ltr'>tantum</span> <span class='ocrx_word' id='word_1_9' title='bbox 1209 339 1453 379; x_wconf 80' lang='lat' dir='ltr'>constituta.</span> <span class='ocrx_word' id='word_1_10' title='bbox 1511 340 1646 380; x_wconf 77' lang='lat' dir='ltr'>Testa</span> <span class='ocrx_word' id='word_1_11' title='bbox 1677 337 1842 392; x_wconf 85' lang='lat' dir='ltr'>tenuis,</span> <span class='ocrx_word' id='word_1_12' title='bbox 1885 349 1987 378; x_wconf 89' lang='lat' dir='ltr'>cru-</span> 
     </span>
     <span class='ocr_line' id='line_1_3' title="bbox 387 418 866 469; baseline -0.006 -10"><span class='ocrx_word' id='word_1_13' title='bbox 387 418 598 469; x_wconf 70' lang='lat' dir='ltr'>„stacea.“</span> <span class='ocrx_word' id='word_1_14' title='bbox 655 418 753 457; x_wconf 80' lang='lat' dir='ltr'>Don</span> <span class='ocrx_word' id='word_1_15' title='bbox 776 418 805 457; x_wconf 81' lang='lat' dir='ltr'>l.</span> <span class='ocrx_word' id='word_1_16' title='bbox 831 430 866 456; x_wconf 74' lang='lat' dir='ltr'>c.</span> 
     </span>
    </p>
   </div>
   <div class='ocr_carea' id='block_1_3' title="bbox 611 535 1658 585">
    <p class='ocr_par' dir='ltr' id='par_1_3' title="bbox 611 535 1658 585">
     <span class='ocr_line' id='line_1_4' title="bbox 611 535 1658 585; baseline -0.003 0"><span class='ocrx_word' id='word_1_17' title='bbox 611 538 657 585; x_wconf 80' lang='lat'>2.</span> <span class='ocrx_word' id='word_1_18' title='bbox 710 537 1081 584; x_wconf 75' lang='lat' dir='ltr'>ARTHROTAxls</span> <span class='ocrx_word' id='word_1_19' title='bbox 1118 548 1487 583; x_wconf 79' lang='lat' dir='ltr'>CUPREssomEs</span> <span class='ocrx_word' id='word_1_20' title='bbox 1529 535 1658 583; x_wconf 89' lang='lat' dir='ltr'>Don.</span> 
     </span>
    </p>
   </div>
   <div class='ocr_carea' id='block_1_4' title="bbox 348 647 1988 714">
    <p class='ocr_par' dir='ltr' id='par_1_4' title="bbox 348 647 1988 714">
     <span class='ocr_line' id='line_1_5' title="bbox 348 647 1988 714; baseline -0.001 -15"><span class='ocrx_word' id='word_1_21' title='bbox 348 650 672 700; x_wconf 85' lang='lat' dir='ltr'>Arthrotaxis</span> <span class='ocrx_word' id='word_1_22' title='bbox 709 648 846 698; x_wconf 90' lang='lat' dir='ltr'>foliis</span> <span class='ocrx_word' id='word_1_23' title='bbox 884 647 1257 714; x_wconf 82' lang='lat' dir='ltr'>quadrifariam</span> <span class='ocrx_word' id='word_1_24' title='bbox 1289 647 1567 696; x_wconf 86' lang='lat' dir='ltr'>imbricatis</span> <span class='ocrx_word' id='word_1_25' title='bbox 1604 647 1988 697; x_wconf 86' lang='lat' dir='ltr'>late-rhombeo</span> 
     </span>
    </p>
   </div>
   <div class='ocr_carea' id='block_1_5' title="bbox 281 728 1990 876">
    <p class='ocr_par' dir='ltr' id='par_1_5' title="bbox 281 728 1990 876">
     <span class='ocr_line' id='line_1_6' title="bbox 283 728 1990 795; baseline -0.002 -14"><span class='ocrx_word' id='word_1_26' title='bbox 283 732 443 781; x_wconf 87' lang='lat' dir='ltr'>ovatis</span> <span class='ocrx_word' id='word_1_27' title='bbox 471 731 667 779; x_wconf 87' lang='lat' dir='ltr'>obtusis</span> <span class='ocrx_word' id='word_1_28' title='bbox 695 731 956 795; x_wconf 90' lang='lat' dir='ltr'>adpressis</span> <span class='ocrx_word' id='word_1_29' title='bbox 984 731 1168 779; x_wconf 85' lang='lat' dir='ltr'>obtuse</span> <span class='ocrx_word' id='word_1_30' title='bbox 1196 729 1464 787; x_wconf 84' lang='lat' dir='ltr'>carinatis,</span> <span class='ocrx_word' id='word_1_31' title='bbox 1507 728 1843 778; x_wconf 86' lang='lat' dir='ltr'>antherarum</span> <span class='ocrx_word' id='word_1_32' title='bbox 1869 745 1990 777; x_wconf 87' lang='lat' dir='ltr'>con-</span> 
     </span>
     <span class='ocr_line' id='line_1_7' title="bbox 281 791 973 876; baseline -0.003 -15"><span class='ocrx_word' id='word_1_33' title='bbox 281 791 742 876; x_wconf 52' lang='lat' dir='ltr'>nectivo&#39;elliptico</span> <span class='ocrx_word' id='word_1_34' title='bbox 770 812 973 860; x_wconf 89' lang='lat' dir='ltr'>obtuso.</span> 
     </span>
    </p>
   </div>
   <div class='ocr_carea' id='block_1_6' title="bbox 387 920 1993 1129">
    <p class='ocr_par' dir='ltr' id='par_1_6' title="bbox 387 920 1993 1129">
     <span class='ocr_line' id='line_1_8' title="bbox 387 920 1990 975; baseline -0.002 -12"><span class='ocrx_word' id='word_1_35' title='bbox 387 923 659 964; x_wconf 83' lang='lat' dir='ltr'>Arthrotaxis</span> <span class='ocrx_word' id='word_1_36' title='bbox 690 921 986 975; x_wconf 86' lang='lat' dir='ltr'>cupressoides</span> <span class='ocrx_word' id='word_1_37' title='bbox 1022 921 1120 961; x_wconf 80' lang='lat' dir='ltr'>Don</span> <span class='ocrx_word' id='word_1_38' title='bbox 1152 922 1199 961; x_wconf 78' lang='lat' dir='ltr'>in</span> <span class='ocrx_word' id='word_1_39' title='bbox 1229 920 1362 962; x_wconf 74' lang='lat' dir='ltr'>Limz.</span> <span class='ocrx_word' id='word_1_40' title='bbox 1394 921 1624 962; x_wconf 76' lang='lat' dir='ltr'>Transact.</span> <span class='ocrx_word' id='word_1_41' title='bbox 1650 920 1819 961; x_wconf 84' lang='lat' dir='ltr'><strong><em>XVIII.</em></strong></span> <span class='ocrx_word' id='word_1_42' title='bbox 1847 921 1935 963; x_wconf 79' lang='lat'><strong>173.</strong></span> <span class='ocrx_word' id='word_1_43' title='bbox 1962 927 1990 960; x_wconf 85' lang='lat' dir='ltr'>t.</span> 
     </span>
     <span class='ocr_line' id='line_1_9' title="bbox 442 999 1130 1051; baseline -0.004 -10"><span class='ocrx_word' id='word_1_44' title='bbox 442 1001 505 1041; x_wconf 80' lang='lat'>13.</span> <span class='ocrx_word' id='word_1_45' title='bbox 530 999 568 1051; x_wconf 77' lang='lat' dir='ltr'>f.</span> <span class='ocrx_word' id='word_1_46' title='bbox 594 1000 634 1041; x_wconf 81' lang='lat'>2.</span> <span class='ocrx_word' id='word_1_47' title='bbox 692 1000 867 1039; x_wconf 75' lang='lat' dir='ltr'>Hoolcer</span> <span class='ocrx_word' id='word_1_48' title='bbox 891 999 952 1039; x_wconf 82' lang='lat' dir='ltr'>Ic.</span> <span class='ocrx_word' id='word_1_49' title='bbox 983 1005 1011 1038; x_wconf 84' lang='lat' dir='ltr'>t.</span> <span class='ocrx_word' id='word_1_50' title='bbox 1039 999 1130 1039; x_wconf 83' lang='lat'>559.</span> 
     </span>
     <span class='ocr_line' id='line_1_10' title="bbox 389 1073 1993 1129; baseline -0.002 -12"><span class='ocrx_word' id='word_1_51' title='bbox 389 1076 732 1127; x_wconf 74' lang='lat' dir='ltr'>Cunninghamia</span> <span class='ocrx_word' id='word_1_52' title='bbox 753 1075 1046 1129; x_wconf 84' lang='lat' dir='ltr'>cupressoides</span> <span class='ocrx_word' id='word_1_53' title='bbox 1066 1075 1259 1115; x_wconf 74' lang='lat' dir='ltr'>Zuccar.</span> <span class='ocrx_word' id='word_1_54' title='bbox 1281 1075 1329 1115; x_wconf 81' lang='lat' dir='ltr'>in</span> <span class='ocrx_word' id='word_1_55' title='bbox 1347 1075 1524 1115; x_wconf 77' lang='lat' dir='ltr'>Siebold</span> <span class='ocrx_word' id='word_1_56' title='bbox 1540 1076 1662 1115; x_wconf 68' lang='grc' dir='ltr'><strong>Πίον.</strong></span> <span class='ocrx_word' id='word_1_57' title='bbox 1681 1075 1845 1128; x_wconf 81' lang='lat' dir='ltr'>Japon.</span> <span class='ocrx_word' id='word_1_58' title='bbox 1872 1073 1931 1114; x_wconf 93' lang='grc' dir='ltr'>ΙΙ.</span> <span class='ocrx_word' id='word_1_59' title='bbox 1953 1075 1993 1115; x_wconf 90' lang='grc'>9.</span> 
     </span>
    </p>
   </div>
   <div class='ocr_carea' id='block_1_7' title="bbox 286 1188 1996 1321">
    <p class='ocr_par' dir='ltr' id='par_1_7' title="bbox 286 1188 1996 1321">
     <span class='ocr_line' id='line_1_11' title="bbox 351 1188 1996 1247; baseline 0 -9"><span class='ocrx_word' id='word_1_60' title='bbox 351 1190 556 1238; x_wconf 80' lang='lat' dir='ltr'>Habitat</span> <span class='ocrx_word' id='word_1_61' title='bbox 590 1192 644 1238; x_wconf 75' lang='lat' dir='ltr'>in</span> <span class='ocrx_word' id='word_1_62' title='bbox 683 1189 1013 1247; x_wconf 80' lang='lat' dir='ltr'>Tasma-nm&#39;a,</span> <span class='ocrx_word' id='word_1_63' title='bbox 1066 1190 1132 1238; x_wconf 83' lang='lat' dir='ltr'>ad</span> <span class='ocrx_word' id='word_1_64' title='bbox 1166 1191 1326 1238; x_wconf 82' lang='lat' dir='ltr'>lacum</span> <span class='ocrx_word' id='word_1_65' title='bbox 1364 1189 1438 1239; x_wconf 84' lang='lat' dir='ltr'>St.</span> <span class='ocrx_word' id='word_1_66' title='bbox 1474 1188 1634 1240; x_wconf 80' lang='lat' dir='ltr'>Claire</span> <span class='ocrx_word' id='word_1_67' title='bbox 1674 1198 1715 1238; x_wconf 79' lang='lat' dir='ltr'>et</span> <span class='ocrx_word' id='word_1_68' title='bbox 1750 1190 1816 1238; x_wconf 88' lang='lat' dir='ltr'>ad</span> <span class='ocrx_word' id='word_1_69' title='bbox 1853 1189 1996 1238; x_wconf 80' lang='lat' dir='ltr'>Pine-</span> 
     </span>
     <span class='ocr_line' id='line_1_12' title="bbox 286 1274 447 1321; baseline -0.006 -1"><span class='ocrx_word' id='word_1_70' title='bbox 286 1274 447 1321; x_wconf 78' lang='lat' dir='ltr'>River.</span> 
     </span>
    </p>
   </div>
   <div class='ocr_carea' id='block_1_8' title="bbox 390 1367 2007 2874">
    <p class='ocr_par' dir='ltr' id='par_1_8' title="bbox 390 1367 2007 2874">
     <span class='ocr_line' id='line_1_13' title="bbox 443 1367 1997 1423; baseline -0.001 -12"><span class='ocrx_word' id='word_1_71' title='bbox 443 1370 711 1422; x_wconf 74' lang='lat' dir='ltr'>„Arbuscula</span> <span class='ocrx_word' id='word_1_72' title='bbox 749 1375 913 1423; x_wconf 68' lang='lat' dir='ltr'>erecta„</span> <span class='ocrx_word' id='word_1_73' title='bbox 962 1369 1278 1419; x_wconf 86' lang='lat' dir='ltr'>ramosissima,</span> <span class='ocrx_word' id='word_1_74' title='bbox 1321 1367 1671 1422; x_wconf 72' lang='lat' dir='ltr'>sempervirens“</span> <span class='ocrx_word' id='word_1_75' title='bbox 1711 1369 1787 1420; x_wconf 83' lang='lat' dir='ltr'>(ex</span> <span class='ocrx_word' id='word_1_76' title='bbox 1822 1370 1997 1409; x_wconf 86' lang='lat' dir='ltr'>Hooker</span> 
     </span>
     <span class='ocr_line' id='line_1_14' title="bbox 390 1445 1995 1500; baseline -0.001 -13"><span class='ocrx_word' id='word_1_77' title='bbox 390 1448 515 1487; x_wconf 81' lang='lat' dir='ltr'>arbor</span> <span class='ocrx_word' id='word_1_78' title='bbox 551 1445 945 1498; x_wconf 73' lang='lat' dir='ltr'>trigintapedalis).</span> <span class='ocrx_word' id='word_1_79' title='bbox 1004 1447 1223 1499; x_wconf 77' lang='lat' dir='ltr'>„Lignum</span> <span class='ocrx_word' id='word_1_80' title='bbox 1265 1451 1310 1486; x_wconf 86' lang='lat' dir='ltr'>ut</span> <span class='ocrx_word' id='word_1_81' title='bbox 1348 1446 1390 1485; x_wconf 93' lang='lat' dir='ltr'>in</span> <span class='ocrx_word' id='word_1_82' title='bbox 1429 1447 1718 1500; x_wconf 81' lang='lat' dir='ltr'>praecedente,</span> <span class='ocrx_word' id='word_1_83' title='bbox 1764 1445 1846 1486; x_wconf 90' lang='lat' dir='ltr'>nisi</span> <span class='ocrx_word' id='word_1_84' title='bbox 1888 1447 1995 1499; x_wconf 87' lang='lat' dir='ltr'>quod</span> 
     </span>
     <span class='ocr_line' id='line_1_15' title="bbox 393 1523 1996 1578; baseline 0.001 -15"><span class='ocrx_word' id='word_1_85' title='bbox 393 1538 524 1575; x_wconf 79' lang='lat' dir='ltr'>„vasa</span> <span class='ocrx_word' id='word_1_86' title='bbox 548 1525 790 1578; x_wconf 82' lang='lat' dir='ltr'>quaudoque</span> <span class='ocrx_word' id='word_1_87' title='bbox 817 1524 972 1576; x_wconf 84' lang='lat' dir='ltr'>duplici</span> <span class='ocrx_word' id='word_1_88' title='bbox 998 1524 1140 1564; x_wconf 83' lang='lat' dir='ltr'>ordine</span> <span class='ocrx_word' id='word_1_89' title='bbox 1164 1529 1414 1577; x_wconf 84' lang='lat' dir='ltr'>punctorum</span> <span class='ocrx_word' id='word_1_90' title='bbox 1435 1528 1596 1563; x_wconf 85' lang='lat' dir='ltr'>notata.</span> <span class='ocrx_word' id='word_1_91' title='bbox 1652 1523 1776 1563; x_wconf 89' lang='lat' dir='ltr'>Rami</span> <span class='ocrx_word' id='word_1_92' title='bbox 1796 1524 1996 1578; x_wconf 83' lang='lat' dir='ltr'>conferti,</span> 
     </span>
     <span class='ocr_line' id='line_1_16' title="bbox 393 1600 1999 1653; baseline 0.001 -15"><span class='ocrx_word' id='word_1_93' title='bbox 393 1600 704 1653; x_wconf 78' lang='lat' dir='ltr'>„cylindracei,</span> <span class='ocrx_word' id='word_1_94' title='bbox 739 1601 851 1640; x_wconf 84' lang='lat' dir='ltr'>facie</span> <span class='ocrx_word' id='word_1_95' title='bbox 874 1600 1075 1653; x_wconf 85' lang='lat' dir='ltr'>Cupressi</span> <span class='ocrx_word' id='word_1_96' title='bbox 1095 1600 1323 1653; x_wconf 79' lang='lat' dir='ltr'>torulosae‚</span> <span class='ocrx_word' id='word_1_97' title='bbox 1348 1600 1422 1639; x_wconf 89' lang='lat' dir='ltr'>sed</span> <span class='ocrx_word' id='word_1_98' title='bbox 1443 1600 1570 1652; x_wconf 86' lang='lat' dir='ltr'>triplo</span> <span class='ocrx_word' id='word_1_99' title='bbox 1594 1600 1842 1641; x_wconf 77' lang='lat' dir='ltr'>crassiores.</span> <span class='ocrx_word' id='word_1_100' title='bbox 1872 1600 1999 1640; x_wconf 83' lang='lat' dir='ltr'>Folia</span> 
     </span>
     <span class='ocr_line' id='line_1_17' title="bbox 394 1676 1999 1731; baseline 0 -14"><span class='ocrx_word' id='word_1_101' title='bbox 394 1677 697 1730; x_wconf 68' lang='lat' dir='ltr'>„creberrima,</span> <span class='ocrx_word' id='word_1_102' title='bbox 726 1690 871 1730; x_wconf 84' lang='lat' dir='ltr'>parva,</span> <span class='ocrx_word' id='word_1_103' title='bbox 903 1678 1118 1731; x_wconf 84' lang='lat' dir='ltr'>adpressa,</span> <span class='ocrx_word' id='word_1_104' title='bbox 1150 1676 1452 1730; x_wconf 81' lang='lat' dir='ltr'>quadrifariam</span> <span class='ocrx_word' id='word_1_105' title='bbox 1483 1676 1719 1727; x_wconf 82' lang='lat' dir='ltr'>imbricata,</span> <span class='ocrx_word' id='word_1_106' title='bbox 1750 1682 1890 1731; x_wconf 78' lang='lat' dir='ltr'>ovata,</span> <span class='ocrx_word' id='word_1_107' title='bbox 1921 1677 1999 1717; x_wconf 87' lang='lat' dir='ltr'>ob-</span> 
     </span>
     <span class='ocr_line' id='line_1_18' title="bbox 394 1753 1999 1808; baseline 0.001 -14"><span class='ocrx_word' id='word_1_108' title='bbox 394 1759 537 1808; x_wconf 76' lang='lat' dir='ltr'>„tusa‚</span> <span class='ocrx_word' id='word_1_109' title='bbox 570 1754 785 1807; x_wconf 83' lang='lat' dir='ltr'>coriacea,</span> <span class='ocrx_word' id='word_1_110' title='bbox 827 1754 1081 1808; x_wconf 62' lang='lat' dir='ltr'>laevissima&gt;</span> <span class='ocrx_word' id='word_1_111' title='bbox 1121 1754 1276 1807; x_wconf 84' lang='lat' dir='ltr'>nitida,</span> <span class='ocrx_word' id='word_1_112' title='bbox 1307 1753 1482 1808; x_wconf 84' lang='lat' dir='ltr'>viridia,</span> <span class='ocrx_word' id='word_1_113' title='bbox 1525 1754 1652 1795; x_wconf 83' lang='grc'>1-2</span> <span class='ocrx_word' id='word_1_114' title='bbox 1679 1754 1815 1794; x_wconf 85' lang='lat' dir='ltr'>lineas</span> <span class='ocrx_word' id='word_1_115' title='bbox 1844 1755 1999 1808; x_wconf 81' lang='lat' dir='ltr'>longa,</span> 
     </span>
     <span class='ocr_line' id='line_1_19' title="bbox 393 1830 1998 1886; baseline 0.001 -16"><span class='ocrx_word' id='word_1_116' title='bbox 393 1831 515 1883; x_wconf 87' lang='lat' dir='ltr'>„hinc</span> <span class='ocrx_word' id='word_1_117' title='bbox 557 1831 742 1871; x_wconf 78' lang='lat' dir='ltr'>obsolete</span> <span class='ocrx_word' id='word_1_118' title='bbox 786 1831 1003 1883; x_wconf 78' lang='lat' dir='ltr'>carinata,</span> <span class='ocrx_word' id='word_1_119' title='bbox 1054 1830 1146 1870; x_wconf 90' lang='lat' dir='ltr'>inde</span> <span class='ocrx_word' id='word_1_120' title='bbox 1190 1843 1405 1883; x_wconf 86' lang='lat' dir='ltr'>concava,</span> <span class='ocrx_word' id='word_1_121' title='bbox 1449 1830 1540 1870; x_wconf 85' lang='lat' dir='ltr'>basi</span> <span class='ocrx_word' id='word_1_122' title='bbox 1583 1830 1673 1870; x_wconf 86' lang='lat' dir='ltr'>lata</span> <span class='ocrx_word' id='word_1_123' title='bbox 1714 1832 1998 1886; x_wconf 86' lang='lat' dir='ltr'>adhaerentia,</span> 
     </span>
     <span class='ocr_line' id='line_1_20' title="bbox 397 1907 2001 1961; baseline 0.001 -16"><span class='ocrx_word' id='word_1_124' title='bbox 397 1907 615 1958; x_wconf 74' lang='lat' dir='ltr'>„margine</span> <span class='ocrx_word' id='word_1_125' title='bbox 645 1911 899 1959; x_wconf 72' lang='lat' dir='ltr'>perangusto</span> <span class='ocrx_word' id='word_1_126' title='bbox 928 1907 1134 1946; x_wconf 84' lang='lat' dir='ltr'>scarioso.</span> <span class='ocrx_word' id='word_1_127' title='bbox 1174 1907 1358 1946; x_wconf 83' lang='lat' dir='ltr'>Amenta</span> <span class='ocrx_word' id='word_1_128' title='bbox 1376 1907 1566 1947; x_wconf 88' lang='lat' dir='ltr'>mascula</span> <span class='ocrx_word' id='word_1_129' title='bbox 1585 1907 1625 1946; x_wconf 90' lang='lat' dir='ltr'>in</span> <span class='ocrx_word' id='word_1_130' title='bbox 1649 1920 1863 1947; x_wconf 87' lang='lat' dir='ltr'>ramorum</span> <span class='ocrx_word' id='word_1_131' title='bbox 1884 1908 2001 1961; x_wconf 84' lang='lat' dir='ltr'>apice</span> 
     </span>
     <span class='ocr_line' id='line_1_21' title="bbox 398 1982 1999 2037; baseline 0.001 -14"><span class='ocrx_word' id='word_1_132' title='bbox 398 1983 637 2035; x_wconf 81' lang='lat' dir='ltr'>„solitaria,</span> <span class='ocrx_word' id='word_1_133' title='bbox 669 1983 862 2027; x_wconf 75' lang='lat' dir='ltr'>sessilia,</span> <span class='ocrx_word' id='word_1_134' title='bbox 899 1984 992 2022; x_wconf 74' lang='lat' dir='ltr'>laxe</span> <span class='ocrx_word' id='word_1_135' title='bbox 1024 1983 1227 2037; x_wconf 80' lang='lat' dir='ltr'>capitata,</span> <span class='ocrx_word' id='word_1_136' title='bbox 1264 1983 1357 2023; x_wconf 86' lang='lat' dir='ltr'>basi</span> <span class='ocrx_word' id='word_1_137' title='bbox 1388 1983 1575 2035; x_wconf 86' lang='lat' dir='ltr'>squamis</span> <span class='ocrx_word' id='word_1_138' title='bbox 1606 1982 1761 2035; x_wconf 80' lang='lat' dir='ltr'>(foliis</span> <span class='ocrx_word' id='word_1_139' title='bbox 1790 1983 1999 2037; x_wconf 81' lang='lat' dir='ltr'>mutatis]</span> 
     </span>
     <span class='ocr_line' id='line_1_22' title="bbox 397 2059 2002 2114; baseline 0.001 -15"><span class='ocrx_word' id='word_1_140' title='bbox 397 2060 628 2112; x_wconf 66' lang='lat' dir='ltr'>¹„pluribus,</span> <span class='ocrx_word' id='word_1_141' title='bbox 650 2060 858 2114; x_wconf 76' lang='lat' dir='ltr'>oblongis,</span> <span class='ocrx_word' id='word_1_142' title='bbox 883 2060 1185 2112; x_wconf 78' lang='lat' dir='ltr'>obtusissimis,</span> <span class='ocrx_word' id='word_1_143' title='bbox 1206 2059 1302 2099; x_wconf 89' lang='lat' dir='ltr'>inde</span> <span class='ocrx_word' id='word_1_144' title='bbox 1323 2059 1540 2114; x_wconf 75' lang='lat' dir='ltr'>concavis,</span> <span class='ocrx_word' id='word_1_145' title='bbox 1573 2059 1764 2110; x_wconf 72' lang='lat' dir='ltr'>margine</span> <span class='ocrx_word' id='word_1_146' title='bbox 1785 2061 2002 2101; x_wconf 87' lang='lat' dir='ltr'>scarioso-</span> 
     </span>
     <span class='ocr_line' id='line_1_23' title="bbox 399 2135 2003 2190; baseline 0.002 -16"><span class='ocrx_word' id='word_1_147' title='bbox 399 2136 758 2186; x_wconf 82' lang='lat' dir='ltr'>„membranaceis</span> <span class='ocrx_word' id='word_1_148' title='bbox 797 2136 1078 2176; x_wconf 86' lang='lat' dir='ltr'>involucrata.</span> <span class='ocrx_word' id='word_1_149' title='bbox 1156 2138 1350 2190; x_wconf 83' lang='lat' dir='ltr'>Squamae</span> <span class='ocrx_word' id='word_1_150' title='bbox 1390 2135 1663 2176; x_wconf 84' lang='lat' dir='ltr'>antheriferae</span> <span class='ocrx_word' id='word_1_151' title='bbox 1703 2136 1926 2189; x_wconf 84' lang='lat' dir='ltr'>pauciores</span> <span class='ocrx_word' id='word_1_152' title='bbox 1961 2142 2003 2178; x_wconf 86' lang='lat' dir='ltr'>et</span> 
     </span>
     <span class='ocr_line' id='line_1_24' title="bbox 401 2213 2002 2268; baseline 0.002 -17"><span class='ocrx_word' id='word_1_153' title='bbox 401 2214 626 2267; x_wconf 78' lang='lat' dir='ltr'>„majores,</span> <span class='ocrx_word' id='word_1_154' title='bbox 658 2213 882 2267; x_wconf 78' lang='lat' dir='ltr'>ellipticae,</span> <span class='ocrx_word' id='word_1_155' title='bbox 914 2213 1095 2264; x_wconf 79' lang='lat' dir='ltr'>obtusae,</span> <span class='ocrx_word' id='word_1_156' title='bbox 1126 2213 1221 2253; x_wconf 86' lang='lat' dir='ltr'>inde</span> <span class='ocrx_word' id='word_1_157' title='bbox 1253 2226 1472 2267; x_wconf 70' lang='lat' dir='ltr'>concavae,</span> <span class='ocrx_word' id='word_1_158' title='bbox 1502 2214 1781 2268; x_wconf 84' lang='lat' dir='ltr'>rufescentes,</span> <span class='ocrx_word' id='word_1_159' title='bbox 1810 2214 2002 2265; x_wconf 82' lang='lat' dir='ltr'>margine</span> 
     </span>
     <span class='ocr_line' id='line_1_25' title="bbox 399 2289 2004 2343; baseline 0.002 -16"><span class='ocrx_word' id='word_1_160' title='bbox 399 2289 783 2343; x_wconf 75' lang='lat' dir='ltr'>„membranaceae,</span> <span class='ocrx_word' id='word_1_161' title='bbox 813 2303 953 2341; x_wconf 77' lang='lat' dir='ltr'>ungue</span> <span class='ocrx_word' id='word_1_162' title='bbox 983 2296 1163 2340; x_wconf 77' lang='lat' dir='ltr'>anguste</span> <span class='ocrx_word' id='word_1_163' title='bbox 1190 2290 1370 2342; x_wconf 76' lang='lat' dir='ltr'>lineari,</span> <span class='ocrx_word' id='word_1_164' title='bbox 1401 2302 1658 2342; x_wconf 85' lang='lat' dir='ltr'>compresso.</span> <span class='ocrx_word' id='word_1_165' title='bbox 1715 2291 2004 2331; x_wconf 84' lang='lat' dir='ltr'>Antherarum</span> 
     </span>
     <span class='ocr_line' id='line_1_26' title="bbox 402 2366 2002 2420; baseline 0.003 -16"><span class='ocrx_word' id='word_1_166' title='bbox 402 2366 561 2415; x_wconf 84' lang='lat' dir='ltr'>„thecae</span> <span class='ocrx_word' id='word_1_167' title='bbox 590 2366 639 2417; x_wconf 79' lang='lat'>2,</span> <span class='ocrx_word' id='word_1_168' title='bbox 680 2371 839 2417; x_wconf 76' lang='lat' dir='ltr'>ovatae,</span> <span class='ocrx_word' id='word_1_169' title='bbox 884 2368 1065 2420; x_wconf 80' lang='lat' dir='ltr'>obtusae,</span> <span class='ocrx_word' id='word_1_170' title='bbox 1103 2369 1155 2407; x_wconf 83' lang='lat' dir='ltr'>ad</span> <span class='ocrx_word' id='word_1_171' title='bbox 1182 2367 1466 2420; x_wconf 84' lang='lat' dir='ltr'>peripheriam</span> <span class='ocrx_word' id='word_1_172' title='bbox 1503 2366 1682 2406; x_wconf 88' lang='lat' dir='ltr'>inferam</span> <span class='ocrx_word' id='word_1_173' title='bbox 1711 2366 1818 2405; x_wconf 85' lang='lat' dir='ltr'>rima</span> <span class='ocrx_word' id='word_1_174' title='bbox 1843 2367 2002 2407; x_wconf 84' lang='lat' dir='ltr'>bivalvi</span> 
     </span>
     <span class='ocr_line' id='line_1_27' title="bbox 403 2441 2003 2492; baseline 0.003 -13"><span class='ocrx_word' id='word_1_175' title='bbox 403 2441 708 2490; x_wconf 66' lang='lat' dir='ltr'>„dehiscentes</span> <span class='ocrx_word' id='word_1_176' title='bbox 766 2443 948 2483; x_wconf 83' lang='lat' dir='ltr'>Amenta</span> <span class='ocrx_word' id='word_1_177' title='bbox 985 2444 1173 2483; x_wconf 86' lang='lat' dir='ltr'>feminea</span> <span class='ocrx_word' id='word_1_178' title='bbox 1209 2443 1641 2492; x_wconf 81' lang='lat' dir='ltr'>subrotundo-ovata,</span> <span class='ocrx_word' id='word_1_179' title='bbox 1682 2443 1850 2482; x_wconf 91' lang='lat' dir='ltr'>omnino</span> <span class='ocrx_word' id='word_1_180' title='bbox 1888 2448 1933 2483; x_wconf 82' lang='lat' dir='ltr'>ut</span> <span class='ocrx_word' id='word_1_181' title='bbox 1961 2443 2003 2483; x_wconf 88' lang='lat' dir='ltr'>in</span> 
     </span>
     <span class='ocr_line' id='line_1_28' title="bbox 405 2517 2004 2571; baseline 0.004 -17"><span class='ocrx_word' id='word_1_182' title='bbox 405 2517 716 2569; x_wconf 80' lang='lat' dir='ltr'>„praecedente,</span> <span class='ocrx_word' id='word_1_183' title='bbox 746 2518 820 2557; x_wconf 85' lang='lat' dir='ltr'>sed</span> <span class='ocrx_word' id='word_1_184' title='bbox 850 2531 1033 2570; x_wconf 79' lang='lat' dir='ltr'>squamoe</span> <span class='ocrx_word' id='word_1_185' title='bbox 1062 2519 1303 2571; x_wconf 81' lang='lat' dir='ltr'>pauciores,</span> <span class='ocrx_word' id='word_1_186' title='bbox 1338 2523 1379 2557; x_wconf 81' lang='lat' dir='ltr'>et</span> <span class='ocrx_word' id='word_1_187' title='bbox 1408 2518 1547 2570; x_wconf 89' lang='lat' dir='ltr'>paullo</span> <span class='ocrx_word' id='word_1_188' title='bbox 1578 2517 1767 2557; x_wconf 74' lang='lat' dir='ltr'>latiores.</span> <span class='ocrx_word' id='word_1_189' title='bbox 1825 2519 2004 2560; x_wconf 80' lang='lat' dir='ltr'>Strobili</span> 
     </span>
     <span class='ocr_line' id='line_1_29' title="bbox 406 2593 2004 2652; baseline 0.004 -20"><span class='ocrx_word' id='word_1_190' title='bbox 406 2593 555 2644; x_wconf 75' lang='lat' dir='ltr'>„duplo</span> <span class='ocrx_word' id='word_1_191' title='bbox 577 2593 779 2647; x_wconf 81' lang='lat' dir='ltr'>minores,</span> <span class='ocrx_word' id='word_1_192' title='bbox 811 2595 1074 2648; x_wconf 71' lang='lat' dir='ltr'>subi-otundi,</span> <span class='ocrx_word' id='word_1_193' title='bbox 1105 2597 1294 2648; x_wconf 81' lang='lat' dir='ltr'>squamis</span> <span class='ocrx_word' id='word_1_194' title='bbox 1316 2601 1495 2636; x_wconf 79' lang='lat' dir='ltr'>cuneato</span> <span class='ocrx_word' id='word_1_195' title='bbox 1517 2596 1781 2651; x_wconf 78' lang='lat' dir='ltr'>lanceolatis,</span> <span class='ocrx_word' id='word_1_196' title='bbox 1803 2597 2004 2652; x_wconf 83' lang='lat' dir='ltr'>lignosis,</span> 
     </span>
     <span class='ocr_line' id='line_1_30' title="bbox 404 2668 2005 2727; baseline 0.005 -20"><span class='ocrx_word' id='word_1_197' title='bbox 404 2668 661 2721; x_wconf 77' lang='lat' dir='ltr'>„stipitatis‚</span> <span class='ocrx_word' id='word_1_198' title='bbox 691 2670 865 2720; x_wconf 72' lang='lat' dir='ltr'>reg-ione</span> <span class='ocrx_word' id='word_1_199' title='bbox 895 2671 1175 2722; x_wconf 75' lang='lat' dir='ltr'>placentifera</span> <span class='ocrx_word' id='word_1_200' title='bbox 1204 2673 1381 2712; x_wconf 88' lang='lat' dir='ltr'>maxime</span> <span class='ocrx_word' id='word_1_201' title='bbox 1410 2673 1729 2727; x_wconf 81' lang='lat' dir='ltr'>protuberanti,</span> <span class='ocrx_word' id='word_1_202' title='bbox 1760 2674 1877 2727; x_wconf 89' lang='lat' dir='ltr'>quasi</span> <span class='ocrx_word' id='word_1_203' title='bbox 1901 2675 2005 2715; x_wconf 85' lang='lat' dir='ltr'>sub-</span> 
     </span>
     <span class='ocr_line' id='line_1_31' title="bbox 406 2745 2007 2804; baseline 0.004 -19"><span class='ocrx_word' id='word_1_204' title='bbox 406 2745 612 2800; x_wconf 69' lang='lat' dir='ltr'>„peltata,</span> <span class='ocrx_word' id='word_1_205' title='bbox 650 2746 842 2801; x_wconf 81' lang='lat' dir='ltr'>trigona,</span> <span class='ocrx_word' id='word_1_206' title='bbox 882 2749 1103 2800; x_wconf 85' lang='lat' dir='ltr'>superficie</span> <span class='ocrx_word' id='word_1_207' title='bbox 1141 2748 1371 2804; x_wconf 67' lang='lat' dir='ltr'>inaequali:</span> <span class='ocrx_word' id='word_1_208' title='bbox 1411 2750 1552 2804; x_wconf 81' lang='lat' dir='ltr'>stipite</span> <span class='ocrx_word' id='word_1_209' title='bbox 1590 2763 1829 2802; x_wconf 87' lang='lat' dir='ltr'>compresso</span> <span class='ocrx_word' id='word_1_210' title='bbox 1865 2756 2007 2792; x_wconf 75' lang='lat' dir='ltr'>tetra-</span> 
     </span>
     <span class='ocr_line' id='line_1_32' title="bbox 407 2821 1912 2874; baseline 0.005 -15"><span class='ocrx_word' id='word_1_211' title='bbox 407 2833 558 2874; x_wconf 82' lang='lat' dir='ltr'>„gon0,</span> <span class='ocrx_word' id='word_1_212' title='bbox 590 2821 710 2873; x_wconf 83' lang='lat' dir='ltr'>apice</span> <span class='ocrx_word' id='word_1_213' title='bbox 739 2822 1148 2874; x_wconf 77' lang='lat' dir='ltr'>triangulari-ovato</span> <span class='ocrx_word' id='word_1_214' title='bbox 1179 2831 1300 2866; x_wconf 79' lang='lat' dir='ltr'>acuto</span> <span class='ocrx_word' id='word_1_215' title='bbox 1332 2825 1641 2867; x_wconf 74' lang='lat' dir='ltr'>incumbente.“</span> <span class='ocrx_word' id='word_1_216' title='bbox 1698 2826 1799 2867; x_wconf 80' lang='lat' dir='ltr'>Don</span> <span class='ocrx_word' id='word_1_217' title='bbox 1822 2829 1850 2867; x_wconf 79' lang='lat' dir='ltr'>l.</span> <span class='ocrx_word' id='word_1_218' title='bbox 1877 2841 1912 2868; x_wconf 84' lang='lat' dir='ltr'>c.</span> 
     </span>
    </p>
   </div>
   <div class='ocr_carea' id='block_1_9' title="bbox 666 2954 1640 3005">
    <p class='ocr_par' dir='ltr' id='par_1_9' title="bbox 666 2954 1640 3005">
     <span class='ocr_line' id='line_1_33' title="bbox 666 2954 1640 3005; baseline 0.004 -4"><span class='ocrx_word' id='word_1_219' title='bbox 666 2954 711 3001; x_wconf 88' lang='lat'>3.</span> <span class='ocrx_word' id='word_1_220' title='bbox 761 2955 1128 3005; x_wconf 69' lang='lat' dir='ltr'>ARTHRorAxls</span> <span class='ocrx_word' id='word_1_221' title='bbox 1163 2971 1436 3005; x_wconf 73' lang='lat' dir='ltr'>LAXIFOLIA</span> <span class='ocrx_word' id='word_1_222' title='bbox 1469 2957 1640 3005; x_wconf 88' lang='lat' dir='ltr'>Hook.</span> 
     </span>
    </p>
   </div>
   <div class='ocr_carea' id='block_1_10' title="bbox 306 3064 2005 3275">
    <p class='ocr_par' dir='ltr' id='par_1_10' title="bbox 306 3064 2005 3275">
     <span class='ocr_line' id='line_1_34' title="bbox 373 3064 2004 3133; baseline 0.005 -22"><span class='ocrx_word' id='word_1_223' title='bbox 373 3064 693 3112; x_wconf 76' lang='lat' dir='ltr'>Arthrotaxis</span> <span class='ocrx_word' id='word_1_224' title='bbox 720 3067 872 3114; x_wconf 76' lang='lat' dir='ltr'>ramis</span> <span class='ocrx_word' id='word_1_225' title='bbox 900 3068 1102 3115; x_wconf 80' lang='lat' dir='ltr'>tenellis</span> <span class='ocrx_word' id='word_1_226' title='bbox 1119 3106 1129 3124; x_wconf 92' lang='lat'>‚</span> <span class='ocrx_word' id='word_1_227' title='bbox 1169 3068 1301 3116; x_wconf 89' lang='lat' dir='ltr'>foliis</span> <span class='ocrx_word' id='word_1_228' title='bbox 1329 3069 1697 3133; x_wconf 84' lang='lat' dir='ltr'>quadrifariam</span> <span class='ocrx_word' id='word_1_229' title='bbox 1723 3071 2004 3121; x_wconf 87' lang='lat' dir='ltr'>imbricatis</span> 
     </span>
     <span class='ocr_line' id='line_1_35' title="bbox 306 3144 2005 3200; baseline 0.005 -8"><span class='ocrx_word' id='word_1_230' title='bbox 306 3144 431 3193; x_wconf 83' lang='lat' dir='ltr'>laxis</span> <span class='ocrx_word' id='word_1_231' title='bbox 459 3146 957 3194; x_wconf 81' lang='lat' dir='ltr'>erecto-incurvatis</span> <span class='ocrx_word' id='word_1_232' title='bbox 985 3147 1478 3198; x_wconf 80' lang='lat' dir='ltr'>ovato-lanceolatis</span> <span class='ocrx_word' id='word_1_233' title='bbox 1505 3150 1669 3200; x_wconf 83' lang='lat' dir='ltr'>acutis</span> <span class='ocrx_word' id='word_1_234' title='bbox 1697 3152 1852 3200; x_wconf 91' lang='lat' dir='ltr'>dorso</span> <span class='ocrx_word' id='word_1_235' title='bbox 1880 3168 2005 3200; x_wconf 88' lang='lat' dir='ltr'>con-</span> 
     </span>
     <span class='ocr_line' id='line_1_36' title="bbox 306 3224 1149 3275; baseline 0.002 -3"><span class='ocrx_word' id='word_1_236' title='bbox 306 3239 438 3273; x_wconf 84' lang='lat' dir='ltr'>vexo</span> <span class='ocrx_word' id='word_1_237' title='bbox 467 3224 707 3275; x_wconf 82' lang='lat' dir='ltr'>carinatis</span> <span class='ocrx_word' id='word_1_238' title='bbox 734 3224 865 3275; x_wconf 86' lang='lat' dir='ltr'>facie</span> <span class='ocrx_word' id='word_1_239' title='bbox 894 3228 1149 3275; x_wconf 83' lang='lat' dir='ltr'>concavis.</span> 
     </span>
    </p>
   </div>
  </div>
 </body>
</html>
