2197 3649
268 207 342 257 92
1041 225 1202 260 AmES.

368 356 420 384 ex
457 345 732 396 unguiculata
765 347 856 388 basi
899 353 1075 388 cuneato
1116 348 1388 400 orbiculatae,
1428 351 1451 390 6
1480 350 1616 392 lineas
1646 351 1809 406 longae,
1850 354 1973 396 6—-8

368 419 505 461 lineas
533 421 658 477 latae,
699 423 827 463 limbo
858 423 1138 475 integerrimo
1169 424 1617 467 calloso-incrassato.
1686 429 1838 468 Semen
1868 429 1971 470 duas

366 496 502 539 lineas
531 499 729 552 longum,
754 500 850 541 basi
879 506 1070 557 acutum,
1100 502 1253 555 pallide
1283 503 1475 556 fuscum,
1516 502 1640 554 nigro
1670 505 1963 560 variegatum,

368 574 417 614 ad
458 579 619 627 tactum
657 576 923 617 levissimum
965 577 1014 618 ab
1054 578 1124 617 ala
1165 578 1464 619 acinaciformi
1501 579 1622 619 venis
1661 580 1972 631 nigricantibus

366 650 484 704 picta
512 652 750 706 dissiliens,
789 654 982 705 margine
1020 655 1327 707 angustissimo
1367 656 1409 696 in
1446 656 1554 709 repli
1583 656 1750 697 modum
1779 669 1874 699 cum
1903 658 1972 698 ala

368 727 580 768 continuo.

469 845 518 895 8.
577 847 728 896 P1Nus
764 862 1037 898 RELlclosA
1072 849 1261 899 Humh.
1287 851 1469 918 Bonpl.
1497 858 1547 902 et
1570 853 1769 925 Kunth5

330 957 487 1007 Abies
512 959 647 1008 foliis
674 961 1006 1011 subdistichis
1031 963 1313 1013 linearibus
1347 965 1510 1014 acutis
1539 966 1967 1016 calloso—mucro-

262 1039 393 1088 natis
436 1041 616 1089 subtus
661 1043 919 1107 argenteis
954 1060 1002 1093 v.
1040 1046 1283 1110 utrinque
1328 1046 1716 1106 concoloribus,
1765 1047 1967 1096 strobili

262 1120 396 1168 ovati
430 1121 653 1171 bracteis
680 1125 897 1173 exsertis
924 1125 1110 1175 lineari
1135 1126 1467 1191 spathulatis,
1506 1128 1652 1193 apice
1679 1129 1960 1178 rotundato

263 1202 761 1253 eroso-denticulato
789 1206 1008 1272 abrupte
1038 1208 1320 1273 cuspidatis
1352 1209 1582 1269 reflexiS,
1619 1209 1847 1275 squamis
1871 1225 1968 1259 un-

262 1281 534 1347 guiculatis
560 1282 1251 1338 reniformi-orbicularibus'.

364 1396 495 1436 Pinus
526 1397 730 1449 religiosa
757 1399 913 1440 Hzmaeb.
943 1401 1101 1453 Bonpl.
1130 1406 1174 1441 et
1198 1401 1348 1442 Kunth
1385 1402 1495 1442 Nov.
1525 1415 1621 1456 qen.
1662 1409 1705 1443 εὐ
1740 1415 1806 1456 sp.
1835 1403 1895 1443 ΙΙ.
1925 1403 1964 1444 5.

417 1472 605 1512 Schiede
632 1479 675 1513 et
698 1474 845 1528 Deppe
873 1475 921 1515 in
949 1475 1138 1516 Litmoea
1182 1477 1225 1516 V.
1255 1480 1318 1519 77.
1345 1478 1447 1518 XII.
1479 1480 1569 1520 486.
1625 1478 1835 1519 Lambert
1859 1479 1962 1519 Pin.

416 1548 500 1588 Ed.
530 1550 569 1591 2.
598 1550 657 1590 ΙΙ.
690 1552 753 1593 76.
784 1559 813 1592 t.
843 1553 907 1594 43.
964 1553 1150 1594 Autome
1181 1553 1328 1605 C'onil'.
1361 1556 1425 1596 75.
1458 1561 1485 1595 t.
1516 1555 1581 1596 28.
1612 1554 1649 1606 f.
1679 1555 1722 1596 2.

363 1625 494 1666 Abies
522 1627 730 1679 religiosa
756 1629 945 1683 Limlley
972 1631 1020 1670 in
1045 1631 1200 1684 Penny
1230 1631 1402 1685 Cyclop.
1434 1632 1468 1671 Ι.
1499 1644 1543 1671 η.
1575 1633 1612 1673 6.

361 1702 488 1742 Picea
515 1704 721 1755 religiosa
748 1704 934 1746 Louclon
969 1707 1165 1746 Arboret.
1195 1708 1309 1747 Brit.
1341 1707 1413 1747 IV.
1443 1708 1561 1749 2349.
1605 1706 1643 1758 f.
1672 1707 1791 1749 2257.
1861 1707 1960 1747 En-

414 1781 578 1833 cyclop.
610 1780 666 1832 of*
686 1788 802 1822 trees
832 1784 948 1825 1049.
976 1782 1014 1834 f.
1047 1784 1210 1825 1965—
1233 1784 1349 1825 1967.

362 1855 539 1909 Oyamel
570 1857 792 1899 Mea-ioan.

326 1965 532 2017 Habitat
573 1971 626 2018 in
665 1970 859 2020 Meoeico
902 1974 1027 2022 inter
1072 1974 1324 2023 Masantla
1367 1982 1407 2022 et
1458 1973 1825 2038 Chilpantzinqo
1872 1974 1959 2021 alt.

259 2045 411 2096 &000¹
447 2044 655 2112 (Humh.
683 2057 733 2100 et
757 2050 971 2118 Bonpl.),
1008 2056 1060 2103 in
1090 2057 1280 2118 reqione
1310 2056 1496 2120 sriqida
1528 2054 1751 2104 Orizaboe
1786 2055 1851 2103 ad
1878 2070 1962 2103 ar-

256 2130 423 2177 borum
462 2133 719 2181 terminum
759 2131 984 2198 (Schied.
1012 2142 1062 2184 et
1084 2133 1282 2201 Depp.)‚
1318 2138 1382 2185 ad
1419 2137 1540 2186 Real
1576 2138 1648 2185 del
1687 2146 1859 2194 monte,
1903 2137 1956 2186 in

257 2209 400 2260 Cerro
439 2213 495 2260 de
529 2212 732 2276 Oyamel
777 2223 818 2263 ec
864 2217 987 2264 inter
1025 2217 1207 2267 Morem
1243 2227 1285 2267 et
1329 2218 1546 2268 Omillcm
1589 2216 1664 2284 (C.
1691 2215 1952 2283 Ehrenb.),

256 2309 340 2341 nec
363 2310 463 2343 non
486 2296 537 2343 in
558 2297 795 2345 montibus
813 2295 1107 2362 Anqanquco
1129 2302 1216 2349 alt.
1241 2298 1636 2349 8000—9000‘.
1664 2298 1960 2366 (Hartweg.)

409 2406 551 2447 Arbor
579 2407 684 2447 Pino
713 2408 856 2449 Abieti
887 2414 928 2450 ct
957 2411 1006 2450 Ρ.
1034 2411 1259 2452 balsameae
1288 2412 1530 2464 simillium,
1569 2417 1720 2451 trunco
1750 2412 1959 2451 interdum

360 2487 529 2523 centum
565 2489 608 2524 et
636 2485 1103 2542 quinquagintapedali7
1149 2489 1354 2528 diametro
1393 2488 1576 2541 orgyali.
1643 2488 1812 2528 Ramuli
1852 2488 1958 2528 sub-

359 2564 543 2614 teretes,
587 2562 846 2615 ferruginei,
896 2563 1059 2616 glabri,
1110 2565 1311 2604 resinosi.
1384 2565 1509 2604 Folia
1551 2564 1729 2618 undique
1773 2564 1957 2619 inserta,

355 2637 570 2690 pectinato
605 2639 818 2692 patentia,
855 2639 1058 2692 linearia,
1107 2641 1254 2694 plana,
1300 2641 1496 2694 pollicem
1533 2655 1573 2681 v.
1617 2642 1956 2696 sesquipollicem

356 2713 505 2765 longa,
544 2713 700 2754 lineam
741 2728 783 2754 v.
823 2716 1121 2769 sesquilineam
1159 2717 1272 2771 lata,
1314 2717 1475 2757 calloso
1515 2722 1787 2770 mucronata,
1829 2731 1958 2770 supra

355 2791 452 2831 laete
472 2790 644 2845 viridia,
675 2791 981 2847 canaliculata,
1011 2793 1159 2833 subtus
1187 2793 1299 2833 inter
1319 2794 1508 2834 carinam
1530 2794 1809 2847 prominulam
1839 2807 1956 2834 mar-

357 2867 560 2922 ginesque
602 2868 865 2909 incrassatos
907 2868 1207 2920 integerrimos
1262 2871 1520 2911 subressexos
1574 2871 1768 2925 utrinque
1814 2871 1957 2911 fascia

357 2949 559 2995 argenteo
600 2945 759 2986 nitente
798 2958 837 2986 v.
874 2946 1173 2998 glaucescente
1205 2952 1375 2999 notata,
1418 2960 1458 2987 v.
1489 2947 1532 2987 in
1574 2947 1707 3000 stirpe
1746 2947 1954 2988 adultiore

357 3019 484 3060 etiam
505 3022 598 3061 fere
623 3022 860 3062 concolora.
918 3023 1096 3063 Strobili
1125 3023 1393 3077 subsessiles,
1428 3023 1586 3076 erecti,
1616 3028 1739 3064 ovato
1769 3023 1954 3076 oblongi,

359 3097 520 3150 obtusi,
550 3098 677 3140 2—5‘
706 3099 845 3153 longi,
875 3100 1079 3141 diametro
1108 3100 1302 3153 pollicari
1333 3113 1372 3139 v.
1401 3100 1756 3154 sesquipollicari,
1787 3101 1953 3141 sordide

357 3174 481 3214 fusco
511 3174 704 3215 violacei.
752 3177 943 3216 Bracteae
973 3181 1167 3230 exsertae,
1198 3176 1383 3230 squamis
1412 3188 1560 3229 parum
1589 3175 1820 3231 longiores,
1850 3189 1954 3229 spa-

358 3249 572 3304 difflatae,
602 3250 768 3291 inferne
798 3263 891 3292 cum
920 3263 1093 3306 squama
1122 3257 1351 3305 connatae,
1391 3252 1507 3305 apice
1538 3258 1703 3293 exserto
1734 3257 1850 3293 arcte
1879 3264 1954 3291 re-
