2197 3649
946 188 1151 223 enimus.
1778 183 1802 231 1
1814 183 1889 232 3⁷

295 312 425 353 Larix
451 311 594 365 patula
616 311 854 365 salisburg]
876 313 925 353 in
947 311 1081 353 Lina.
1111 312 1339 352 Transact.
1370 312 1485 353 VIII.
1511 314 1602 355 314.

294 388 423 428 Abies
448 388 610 428 Cedrus
634 387 788 428 Poiret
813 388 928 429 Dict.
954 388 1024 446 VI.
1047 389 1138 431 510.
1168 387 1366 429 Richard
1395 387 1539 440 Canis.
1561 389 1626 432 62.
1648 396 1676 430 t.
1701 392 1750 432 14
1765 393 1887 434 2117.

255 499 460 548 Habitat
483 499 537 547 in
563 498 749 548 Libano
775 507 816 548 et
843 498 1003 548 Tauro
1029 500 1285 548 montibus.

341 610 483 651 Arbor
506 612 689 653 50—80
711 612 888 666 pedum,
923 623 1044 652 coma
1077 611 1459 652 umbraculiformi.
1515 612 1638 653 Folia
1670 613 1714 654 in
1745 615 1889 654 eodem

289 687 500 727 fasciculo
526 686 700 743 circiter
726 688 792 742 30,
821 686 983 742 rigida,
1023 687 1184 728 carinis
1208 687 1252 728 in
1275 692 1476 744 utraque,
1515 688 1723 743 imprimis
1748 695 1888 732 tamen

289 764 333 804 in
358 763 560 804 inferiore
583 763 737 817 pagina
758 764 1095 818 prominentibus
1120 765 1464 819 marginibusque
1489 766 1628 806 acutis
1648 771 1886 818 tetragona.

289 839 466 881 Strobili
491 846 537 881 ut
567 841 611 880 in
635 841 831 881 Deodara
863 853 975 894 saepe
999 839 1039 880 in
1066 841 1210 880 eodem
1233 841 1466 894 pedunculo
1490 841 1673 894 gemini,
1703 841 1888 898 oblongi,

289 916 451 972 obtusi,
495 917 738 958 arctissime
776 918 926 959 clausi.
984 919 1179 972 Squamae
1210 931 1346 969 ungue
1373 923 1577 973 cuneato,
1618 919 1887 972 horizontali,

286 1007 416 1047 supra
447 993 581 1034 medio
616 999 739 1035 acute
778 994 983 1047 carinat0,
1026 994 1219 1048 utrinque
1250 995 1372 1042 juxta
1397 994 1584 1034 carinam
1608 995 1781 1034 foveola
1809 1007 1884 1047 pro

285 1070 524 1124 recipiendo
558 1071 717 1111 semine
751 1072 998 1125 exsculpta,
1036 1071 1194 1111 lamina
1228 1072 1432 1125 quadrata
1466 1084 1559 1111 cum
1585 1085 1722 1122 ungue
1747 1085 1886 1123 angu-

285 1147 371 1187 lum
393 1152 558 1187 rectum
582 1148 815 1200 formante,
860 1161 1039 1201 superne
1065 1148 1107 1188 in
1132 1149 1367 1199 marginem
1392 1147 1582 1187 nonnihil
1608 1148 1885 1201 crassiorem,

284 1223 561 1264 Cembrarum
597 1224 927 1279 Stroborumque
981 1225 1200 1265 umbonem
1237 1225 1502 1266 dimidiatum
1537 1227 1882 1278 praeformantem

280 1300 534 1340 incrassata.
591 1301 745 1341 Semen
775 1314 915 1352 ungue
940 1301 1080 1353 paullo
1105 1300 1302 1353 brevius,
1339 1300 1408 1340 ala
1443 1313 1658 1355 squamam
1695 1300 1884 1351 longitu-

281 1375 375 1416 dine
399 1375 668 1430 subaequante
694 1376 746 1416 ad
770 1376 970 1427 angulum
995 1381 1161 1416 rectum
1180 1375 1345 1416 inflexa.

764 1493 953 1560 Species
975 1495 1287 1559 inquirenda.

727 1608 793 1650 46.
854 1608 996 1648 P1NUs
1043 1617 1323 1647 ATLANTICA.

278 1707 440 1748 Cedrus
464 1706 671 1748 atlantica
694 1706 876 1747 Manem*
902 1706 993 1747 Cat.
1019 1706 1144 1746 Hort.
1171 1705 1356 1747 Madoet.
1382 1707 1542 1761 Suppl.
1567 1709 1605 1749 9.

225 1806 402 1846 Habitat
420 1807 468 1846 in
492 1805 677 1846 Atlante.

326 1907 532 1948 Plantulae
569 1906 847 1960 semipedales
885 1920 906 1946 e
945 1907 1068 1948 horto
1094 1906 1355 1948 Madoetensi
1390 1905 1568 1959 benigne
1598 1918 1691 1947 cum
1714 1906 1877 1948 Vindo-

273 1983 450 2025 bonensi
475 1983 796 2024 communicatae
821 1983 1049 2024 manifeste
1073 1983 1287 2037 propriam
1312 1983 1497 2037 speciem
1523 1988 1728 2038 arguunt,
1756 1982 1877 2023 foliis

273 2060 553 2115 brevioribus,
579 2060 881 2115 crassioribus,
911 2061 1309 2115 glaucescentibus,
1338 2061 1664 2114 patentiusculis
1688 2075 1713 2101 a
1737 2061 1873 2102 Cedro

271 2139 426 2180 Libani
462 2137 688 2178 diversam.
745 2138 871 2178 Folia
911 2138 1060 2178 carina
1097 2139 1222 2178 dorso
1252 2138 1462 2191 imprimis
1495 2138 1757 2190 prominente
1786 2138 1872 2179 tri-

270 2229 407 2269 gona,
449 2214 617 2266 angulis
647 2214 833 2268 obtusis,
877 2214 1010 2254 sulcis
1039 2213 1235 2268 utrinque
1258 2215 1381 2262 juxta
1418 2214 1605 2253 carinam
1633 2213 1740 2254 satis
1769 2226 1872 2267 pro-

270 2290 430 2332 fundis.
486 2292 635 2331 Muero
669 2290 964 2331 brevissimus.
1023 2290 1222 2330 Certiora
1250 2290 1344 2330 coni
1375 2290 1579 2330 docebunt
1620 2294 1661 2330 et
1689 2289 1809 2342 anni,
1846 2303 1871 2328 a

269 2368 418 2423 quibus
445 2368 618 2408 favente
648 2367 751 2407 coelo
778 2367 923 2408 laetum
950 2367 1162 2419 pullorum
1190 2367 1496 2408 incrementum
1527 2379 1760 2421 speramus.

229 2512 286 2561 Β.
338 2512 506 2560 ΡιΝυε.
558 2509 765 2560 Amenta
810 2511 1124 2575 staminiqera
1177 2509 1437 2569 lateralia,
1487 2511 1541 2558 in
1574 2509 1751 2559 infima
1786 2525 1867 2559 ra-

163 2611 423 2662 mulorum
455 2611 781 2660 novellorum
817 2616 965 2676 parte
1004 2614 1278 2676 congesta,
1314 2610 1542 2675 indeque
1578 2610 1633 2658 in
1668 2609 1864 2675 spicam

163 2712 504 2778 compositam
558 2711 825 2776 disposita.
906 2709 1108 2759 Amenta
1160 2712 1495 2775 qemmulifera
1546 2709 1863 2767 terminalia,

159 2813 389 2863 solitaria
440 2829 486 2861 v·
522 2811 865 2861 fasciculatim
921 2816 1185 2878 congesta.
1256 2811 1475 2860 Bracteoe
1529 2810 1624 2860 suh
1662 2809 1864 2859 anthesi

163 2913 430 2972 distinctae,
468 2913 678 2962 demum
716 2911 1017 2977 obliteratae.
1091 2911 1329 2961 Strobilus
1359 2912 1590 2961 secundo
1626 2928 1673 2959 v.
1708 2910 1860 2960 tertio

160 3027 295 3060 anno
344 3017 604 3071 maturUS,
653 3013 865 3077 squamis
913 3011 1164 3061 coriaceis
1207 3029 1252 3060 v.
1289 3011 1502 3078 lignosis
1551 3010 1697 3076 apice
1735 3024 1859 3074 apo-

158 3110 307 3177 physi
345 3110 608 3161 dimidiata
648 3128 695 3161 v.
731 3112 1056 3178 pyramidata
1091 3111 1412 3169 incrassatis,
1461 3109 1714 3176 apophysi
1744 3124 1858 3157 ver-

157 3210 257 3261 tice
309 3209 620 3270 umbonata,
674 3211 1088 3276 persistentibus.
1163 3210 1361 3260 Semina
1408 3208 1542 3259 alata
1587 3224 1633 3257 v.
1687 3206 1855 3256 rarius
