2197 3649
303 182 376 232 24
1012 195 1294 230 JL'NIPERL’S.

405 318 566 360 Sabina
593 318 700 358 folio
729 319 970 360 Tamarisci
999 320 1268 361 Dioscoridis
1297 320 1473 361 Bauhin
1501 319 1601 360 Pin.
1633 321 1722 362 487.

403 394 635 447 Juniperus
664 395 822 436 Sabina
849 395 901 459 β,
931 395 1064 436 Linn.
1094 396 1219 449 Spec.
1253 397 1367 439 1472.

404 470 635 523 Juniperus
678 472 838 513 Sabina
892 472 1038 513 Miller
1077 473 1189 514 Dict.
1243 485 1284 512 n.
1330 474 1392 515 10.
1450 473 1655 527 Sibtliorp
1694 474 1813 514 Flor.
1859 472 1998 514 (ἔναυε.

459 546 620 588 Prodr.
651 548 709 588 ΙΙ.
739 549 831 590 264.

404 624 635 677 Juniperus
675 625 892 666 thurifera
930 625 1061 666 Linn.
1098 626 1224 679 Spee.
1272 627 1385 667 1471.
1443 626 1626 666 Loudon
1664 626 1857 667 Arboret.
1888 625 1999 666 Brit.

459 700 530 740 IV.
559 701 677 742 2503.
707 700 745 752 f'.
775 702 893 743 2369.

404 776 636 829 Juniperus
664 777 888 830 hispanica
915 777 1062 819 Miller
1088 778 1202 819 Diet.
1233 791 1274 819 n.
1308 780 1370 820 13.

405 852 635 905 Juniperus
663 853 823 893 Sabina
851 854 1183 894 tamarisoifolia
1210 855 1338 895 Aiton
1366 856 1488 895 Hort.
1511 855 1630 896 Kew.
1653 856 1717 896 ed.
1741 857 1777 897 1.
1801 855 1882 895 ΙΙΙ.
1906 856 1997 896 414.

459 928 643 969 London
669 929 864 970 Arborei.
895 931 1008 970 Brit.
1039 930 1109 970 IV.
1140 931 1257 972 2499.
1287 929 1324 980 f'.
1355 931 1473 972 2360.

406 1006 636 1059 Juniperus
665 1007 816 1047 foetida
841 1008 894 1070 β
925 1007 1258 1047 tamariscifolia
1292 1007 1442 1059 Spacli
1481 1007 1530 1046 in
1564 1006 1720 1048 Annal.
1753 1018 1815 1047 sc.
1846 1012 1933 1048 nat.
1962 1007 2001 1048 2.

459 1082 558 1123 Ser.
590 1082 703 1122 XVI.
733 1084 824 1124 295.
857 1084 970 1123 eaecl.
1004 1094 1156 1135 synon.
1187 1083 1354 1123 Pallas.

407 1159 638 1211 Juniperus
669 1159 910 1199 sabinoides
940 1159 1106 1199 Griseb.
1137 1159 1348 1213 Spiciley.
1379 1160 1500 1199 Flor.
1530 1160 1661 1200 Ram.
1691 1159 1750 1199 ΙΙ.
1781 1160 1872 1202 352.

406 1236 639 1288 Juniperus
667 1236 885 1277 turbinata
913 1236 1111 1276 Gussone
1139 1237 1330 1290 Synops.
1361 1238 1481 1277 Flor.
1512 1237 1606 1277 stc.
1637 1237 1695 1276 ΙΙ.
1726 1238 1815 1279 634.

371 1339 578 1388 Habitat
611 1341 666 1388 in
699 1340 904 1405 Europa
943 1342 1261 1397 australiore,
1309 1342 1362 1389 in
1397 1340 1671 1405 Hispania,
1714 1339 1913 1397 Sicilia,
1953 1342 2007 1388 in

306 1422 530 1470 Rumelia
557 1431 597 1470 et
626 1421 863 1480 Graecia,
905 1424 959 1470 in
988 1424 1120 1485 sylva
1145 1422 1420 1471 Laricionis
1454 1423 1627 1471 montis
1660 1420 1808 1471 Athos
1838 1421 1858 1486 (
1872 1421 2007 1470 3500

304 1530 372 1539 -
398 1501 557 1552 4500’
584 1501 720 1568 elev.)
747 1513 788 1553 et
811 1505 865 1553 in
895 1503 1099 1568 Olympo
1125 1505 1409 1568 Bithyniae,
1449 1521 1533 1553 nec
1567 1520 1666 1553 non
1689 1505 1743 1553 in
1770 1503 2001 1554 Caucaso.

714 1636 792 1685 18.
828 1636 1097 1683 thlpsssscs
1135 1649 1377 1683 OOPHORA
1414 1635 1606 1684 Kunze.

379 1734 570 1784 Sabina
593 1735 858 1794 fruticosa,
884 1735 1019 1784 foliis
1046 1734 1418 1800 quadrifariam
1441 1735 1721 1784 imbricatis
1743 1734 1904 1784 ovatis
1929 1734 2006 1782 in-

307 1816 443 1865 flexo
481 1816 777 1881 apiculatiS,
816 1817 970 1865 dorso
1008 1831 1166 1880 supra
1202 1815 1429 1865 medium
1465 1815 1618 1864 fovea
1654 1814 1877 1881 oblonga
1911 1815 2006 1863 im-

308 1913 515 1962 pressa,
566 1897 784 1963 galbulis
819 1897 1157 1946 oviformibus
1203 1896 1559 1946 erectiusculis
1597 1897 1855 1962 rugulosis
1891 1896 2009 1946 rufo

307 1978 483 2029 fuscis.

411 2083 643 2136 Juniperus
671 2084 858 2137 oophora
884 2084 1042 2124 Kunze
1070 2086 1118 2124 in
1144 2085 1279 2124 Flora
1309 2084 1424 2125 1846.
1451 2098 1495 2136 p.
1526 2084 1615 2125 637.

376 2188 581 2237 Habitat
616 2190 670 2237 in
701 2191 838 2253 reyni
872 2188 1106 2238 Sevillani
1142 2189 1415 2253 Hispaniae
1454 2189 1613 2252 pineto
1644 2203 1796 2252 prope
1826 2189 1875 2236 la
1912 2187 2010 2235 Bo-

309 2286 491 2319 nanza.
535 2267 895 2335 (Willkomm.)

468 2371 653 2422 „Frutex
681 2369 812 2408 ramis
841 2369 1022 2423 erectis,
1053 2368 1230 2408 ramulis
1259 2374 1401 2408 erecto
1430 2366 1692 2419 patentibus,
1721 2378 1771 2405 ex
1800 2365 2012 2406 affinitate

413 2445 480 2497 „J.
511 2444 713 2496 phoenicae
744 2449 785 2483 et
813 2445 1005 2497 Sabinaz,
1035 2445 1107 2484 sed
1137 2443 1259 2483 foliis
1288 2448 1329 2483 et
1358 2442 1566 2494 imprimis
1596 2441 1780 2492 galbulis
1809 2441 1884 2481 5“‘
1910 2441 2009 2482 lon-

415 2519 534 2572 „gis7
563 2519 691 2570 3½“‘
721 2518 907 2572 crassis,
937 2520 1077 2558 forma
1106 2523 1147 2558 et
1176 2518 1318 2558 colore
1346 2531 1475 2570 supra
1493 2517 1620 2557 dictis
1641 2516 2009 2570 distinctissimus‚

417 2597 551 2649 „quod
586 2595 711 2647 novi,
754 2595 904 2634 nullibi
934 2599 1205 2634 memoratus.
1261 2594 1302 2633 J.
1334 2593 1551 2633 turbinata
1580 2593 1703 2632 Guss.
1735 2592 1880 2645 planta
1907 2592 2011 2632 mihi

415 2673 623 2726 „nondum
652 2678 775 2724 nota,
803 2672 947 2711 differt
974 2671 1120 2711 baccis
1150 2669 1558 2721 ovato-turbinatis,
1589 2669 1830 2709 immaturis
1858 2669 2009 2709 tuber-

417 2750 554 2803 „culis
583 2749 774 2802 pluribus
803 2748 1049 2801 instructis,
1088 2752 1129 2787 et
1159 2747 1300 2787 colore
1329 2746 1461 2786 totius
1491 2746 1644 2798 plantae
1667 2745 1806 2786 loetius
1828 2745 2010 2799 virente,

417 2828 486 2880 „in
517 2832 664 2866 nostra
693 2826 868 2865 obscure
899 2825 1050 2877 viridi,
1081 2824 1150 2864 vix
1179 2824 1489 2874 glaucescente.
1538 2824 1579 2862 J.
1607 2823 1790 2875 oophora
1818 2822 1860 2862 iu
1889 2823 2013 2863 horto

417 2904 639 2958 „botanieo
669 2903 883 2956 Lipsiensi
911 2903 1144 2955 seminata,
1176 2903 1355 2941 nondum
1385 2897 1684 2952 germinavitf‘
1740 2899 1898 2939 Kunze
1921 2900 1949 2940 Ι.
1973 2911 2009 2939 c.

671 3023 748 3070 19.
785 3022 1054 3069 JITNIPERL'S
1092 3034 1446 3068 FOETmlssmA
1484 3018 1657 3067 Willd.

387 3122 574 3172 Sabina
599 3121 836 3178 arborea,
874 3119 1006 3168 foliis
1033 3119 1281 3184 oppositis
1314 3118 1578 3183 ternisque
1611 3117 1720 3166 aliis
1747 3116 2012 3166 aciculari—

314 3206 410 3255 bus
465 3203 712 3253 subulatis
765 3201 1056 3267 patentibus
1106 3199 1445 3256 mucronati&
1507 3197 1615 3247 aliis
1677 3196 2011 3262 squamaefor-
