2197 3649
305 239 418 290 180
1021 249 1289 284 msssmn.

493 374 623 415 Pinus
654 374 894 426 halepensis
923 375 1133 414 Bieberst.
1160 374 1318 426 Snppl.
1347 373 1434 413 111.
1461 374 1551 415 623.

491 450 621 491 Pinus
650 450 895 491 Pallasiana
924 449 1129 490 Lambere
1151 450 1254 490 Pin.
1311 450 1396 490 Ed.
1425 452 1461 491 1.
1507 450 1566 489 [1.
1596 451 1632 491 ’1.
1658 456 1686 490 t.
1716 450 1752 490 1.
1798 449 1881 489 Ed.
1908 450 1948 491 2.
1980 449 2016 488 1.

547 527 609 568 13.
644 534 671 566 t.
700 528 737 567 5.
801 527 942 566 Pinet.
988 527 1191 566 Woburn.
1229 525 1295 568 21.
1327 533 1355 567 t.
1387 530 1423 568 7.
1496 527 1680 567 Loudon
1711 526 1904 566 Arborei.
1943 525 2016 566 IV.

543 604 661 644 2206.
684 603 720 654 f.
747 604 851 645 2086
867 627 919 631 -—
936 605 1055 646 2087.

496 679 624 719 Pinus
655 680 820 720 taurica
849 681 972 720 Hort.
1002 681 1149 720 Pinus
1173 681 1358 720 talarica
1384 681 1507 720 Hort.

489 756 648 794 'rzaam
678 756 824 795 Tatar.

377 842 580 890 Habitat
604 843 658 889 in
681 841 886 906 Europa
913 843 1134 897 australi,
1179 843 1404 891 orientali
1429 851 1472 890 et
1500 842 1702 898 Tauria,
1745 857 1797 888 oc.
1825 839 2016 906 (Poire—

304 919 469 987 tiana)
496 924 548 971 in
574 923 849 987 Hispania,
896 923 1104 979 Corsica,
1146 925 1200 972 in
1225 922 1509 988 Apenninis,
1556 923 1802 979 Calabria,
1846 922 2017 971 Sicilia

304 1000 385 1067 (in
414 1012 570 1052 monte
597 1002 751 1052 Aetna
772 1003 985 1053 4000-
1003 1003 1166 1053 6000‘
1197 1003 1351 1069 elea),
1383 1007 1435 1054 in
1467 1004 1669 1054 Groecioe
1693 1013 1848 1053 monte
1869 1003 2016 1052 Athos

306 1093 346 1132 et
375 1085 579 1149 Tayqeto
616 1102 700 1133 nec
730 1102 829 1134 non
859 1087 912 1134 in
953 1085 1100 1135 Cretoe
1129 1087 1221 1134 Ida
1263 1088 1272 1147 ζ
1291 1085 1344 1148 β.
1382 1086 1738 1152 magellensis‚
1775 1088 1830 1134 in
1862 1094 2017 1134 monte

305 1164 488 1214 Amaro
519 1167 746 1230 Maqellae
779 1167 997 1215 5600—
1016 1166 1180 1216 8300‘
1212 1169 1381 1229 elev.),·
1415 1195 1482 1202 —
1510 1168 1559 1215 h.
1589 1164 1893 1229 (austriaca)
1920 1169 2017 1232 fre-

307 1264 449 1310 quens
476 1249 529 1296 in
555 1250 792 1297 montibus
823 1250 1051 1297 calcareis
1086 1249 1347 1298 Corinthiae
1367 1288 1377 1303 ,
1434 1248 1643 1311 styriae,
1690 1246 1899 1296 Austrioe
1939 1249 2016 1296 in-

302 1330 496 1392 ferioris
513 1369 524 1386 ‚
566 1331 808 1379 Moravioe
827 1370 840 1387 ,
887 1330 1091 1380 Galicioe
1129 1334 1137 1388 ('
1153 1333 1379 1394 nuspiam
1404 1332 1458 1378 in
1486 1330 1742 1394 Carpathis
1767 1329 2016 1378 Euronoto

305 1407 578 1475 subjectis),
627 1412 993 1475 Transylvaniae
1032 1422 1072 1461 et
1107 1413 1361 1468 Banatus3
1400 1439 1465 1445 —-
1503 1427 1545 1459 e.
1582 1410 1916 1474 (Pallasiana)
1962 1411 2015 1459 in

309 1493 503 1542 Taurioe
538 1495 841 1543 occidentalis
877 1497 1117 1543 montibus
1156 1496 1396 1543 cretaceiS.

716 1626 828 1673 106.
878 1627 1028 1673 les
1063 1641 1350 1674 PYRENAICA
1387 1626 1606 1690 Lapeyr.

371 1723 605 1772 Pinaster
641 1724 776 1772 foliis
813 1724 1030 1789 geminis
1069 1731 1155 1772 aut
1201 1725 1366 1772 rarius
1414 1725 1574 1773 ternis
1611 1723 1789 1789 rigidis
1829 1724 2015 1772 strictis

305 1804 369 1853 ad
397 1804 570 1869 apices
596 1821 861 1854 ramorum
886 1805 1219 1870 penicillatim
1257 1805 1520 1863 confertis,
1559 1805 1784 1853 strobilis
1811 1805 2014 1869 pedun-

306 1885 487 1934 culatis
517 1886 710 1933 conieis
738 1886 1050 1950 patentibus,
1089 1902 1419 1950 squamarum
1449 1884 1701 1950 apophysi
1728 1885 1909 1933 conica
1934 1885 2012 1932 ni-

300 1965 406 2014 tida
443 1966 619 2014 carina
656 1973 950 2015 transversa
987 1973 1163 2024 acuta,
1202 1967 1363 2015 latere
1398 1965 1670 2030 superiore
1699 1965 2011 2014 convexiore

303 2046 483 2104 nitido,
520 2045 767 2095 inferiore
794 2047 1240 2112 longitudinaliter
1266 2047 1482 2095 sulcato.

407 2143 428 2183 2
450 2143 649 2183 Pinaster
678 2145 755 2183 111.
787 2143 1034 2196 hispanicus
1065 2143 1244 2183 Clusius
1267 2144 1383 2183 Hist.
1409 2144 1554 2183 Plant.
1581 2143 1646 2184 33.

407 2218 538 2258 Pinus
566 2219 799 2271 pyrenaica
827 2219 1018 2271 Lapeyr.
1058 2220 1215 2272 ›S'etppl-
1243 2221 1306 2260 63.
1366 2219 1552 2259 Louclon
1575 2219 1769 2259 Arborei.
1795 2219 1908 2259 Brit.
1935 2218 2012 2259 IV.

459 2293 577 2335 2209.
603 2293 642 2344 f.
669 2294 842 2335 2090-
861 2295 980 2335 2093.
1036 2295 1219 2334 Autome
1248 2294 1395 2346 C'onif'.
1422 2296 1459 2336 3.
1488 2301 1514 2334 t.
1545 2298 1580 2336 1.
1609 2294 1646 2345 f.
1674 2296 1714 2336 4.

406 2370 537 2410 Pinus
565 2371 790 2423 penicillus
819 2371 1009 2424 Lapeyr.
1036 2373 1151 2412 Hist.
1175 2374 1236 2424 pl.
1263 2373 1429 2424 Pyron.
1456 2371 1517 2412 63.

407 2447 538 2486 Pinus
568 2447 791 2500 hispanica
824 2448 938 2488 C'ook
962 2449 1173 2488 Skecches
1198 2450 1245 2488 in
1268 2449 1411 2500 Spain
1438 2449 1497 2486 II.
1522 2448 1614 2489 237.

407 2522 537 2562 Pinus
567 2524 810 2574 halepensis
839 2525 975 2572 major
1003 2525 1159 2563 Annal.
1187 2524 1399 2563 d’Horte'c.
1430 2523 1567 2562 Paris
1590 2522 1715 2562 XIII.
1747 2524 1832 2565 187.

407 2597 483 2636 Pin
514 2599 711 2637 Nazaron
740 2599 866 2650 His-p.

369 2681 573 2731 Habitat
597 2685 650 2731 in
674 2684 932 2747 Hispaniae
957 2683 1127 2732 Sierra
1155 2686 1209 2732 cle
1235 2684 1422 2748 Sequra
1453 2693 1493 2733 et
1519 2684 1690 2733 Sierra
1717 2685 1772 2732 de
1799 2684 2004 2741 Cuenca,

300 2779 383 2811 nec
415 2780 514 2812 non
542 2765 595 2812 in
626 2764 970 2827 Pyrenoeorum
1001 2767 1201 2814 vallibus
1233 2767 1358 2814 Plan
1377 2804 1389 2824 ,
1440 2767 1495 2813 de
1531 2767 1579 2814 la
1610 2766 1701 2813 Pez
1735 2774 1776 2813 et
1805 2765 2004 2829 Campo.

459 2874 634 2924 Species
663 2874 842 2915 ulterius
873 2876 1146 2930 inquirenda,
1189 2881 1231 2916 et
1260 2876 1475 2917 acm-atius
1505 2888 1599 2916 cum
1628 2875 1812 2916 diversis
1841 2876 1887 2915 P.
1915 2877 2009 2917 La·-

301 2948 478 2990 ricionis
507 2955 550 2989 et
578 2951 624 2990 P.
656 2952 895 3002 halcpensis
924 2953 1077 2992 formis
1108 2954 1401 3005 comparanda.

737 3068 849 3115 107.
905 3069 1055 3116 PlNos
1095 3082 1407 3116 HALEPENSIS
1449 3068 1571 3117 Mill.

366 3165 600 3214 Pinaster
638 3164 773 3214 foliis
816 3166 1033 3230 geminis
1072 3167 1260 3215 strictis
1286 3167 1528 3216 tenuibus
1556 3167 2004 3233 glaucescentibus

296 3246 563 3295 Strobilum
590 3246 941 3310 aequantibu5‚
979 3247 1192 3295 strobilo
1220 3247 1571 3311 pedunculato
1598 3249 1794 3298 reflexo
1822 3254 2001 3298 ovato-
