2197 3649
297 198 374 249 48
1068 209 1239 244 mou.

366 335 549 386 Colitur
583 337 637 385 in
672 337 804 384 omni
839 333 994 384 China
1030 343 1072 383 et
1106 334 1346 400 Japom'a,
1387 336 1442 384 in
1466 337 1703 385 montibus
1724 336 1996 384 insularum

293 418 491 484 Nippon
525 427 567 468 et
604 417 871 481 Sikolemut
906 418 1117 474 videtur,
1158 426 1440 482 spontanea.

453 556 594 596 Arbor
622 567 799 608 magna,
828 554 969 594 trunci
999 553 1159 594 cortice
1187 558 1232 594 ut
1260 553 1303 594 in
1321 553 1526 606 Junipero
1552 553 1796 604 virginiana
1815 553 1857 592 in
1877 552 1997 606 phil-

400 633 522 687 lyras
561 633 740 672 fibrosas
776 631 931 671 soluto.
987 631 1172 681 Lignum
1209 631 1378 683 durum,
1419 630 1586 670 rubens.
1645 629 1768 670 Rami
1803 628 1997 681 primarii

401 709 652 750 verticillati
672 713 887 762 patentes,
917 708 1158 748 secundarii
1179 708 1359 747 distiche
1379 706 1561 759 ramosi,
1584 706 1761 746 ramulis
1779 711 1998 760 utramque

402 786 561 826 faciem
589 785 676 825 luci
707 787 823 838 aeque'
851 784 1184 824 advertentibus.
1241 783 1367 823 Folia
1402 783 1555 835 plantae
1585 796 1732 823 annuae
1763 782 1999 822 acicularia

400 867 674 916 mucronata,
713 861 1030 914 patentissima,
1070 861 1218 899 subtus
1246 859 1479 911 trinervia,
1509 872 1639 898 nervo
1668 859 1804 898 medio
1832 858 1997 898 resini-

401 941 507 991 fluo,
548 939 591 978 in
627 937 837 978 cauliculo
879 936 1083 989 primario
1123 934 1407 988 quaternatim
1449 934 1734 988 verticillata,
1781 935 1824 974 in
1863 934 1997 974 ramis

399 1013 618 1068 primariis
647 1017 817 1052 ternata
836 1025 878 1051 v.
900 1010 1112 1064 opposita,
1143 1009 1403 1049 ramulorum
1434 1010 1600 1049 tandem
1630 1011 1855 1050 decussata
1881 1015 1922 1050 et
1952 1015 1998 1050 ut

400 1090 442 1130 in
481 1090 635 1143 plantae
676 1088 828 1128 adultae
867 1087 1045 1126 ramulis
1087 1086 1395 1140 quadrifariam
1432 1086 1677 1140 imbricata,
1715 1091 1848 1126 totam
1885 1086 1996 1126 axim

401 1177 687 1219 compressam
714 1163 924 1217 velantia,
963 1162 1334 1217 squamaeformia‚
1372 1163 1546 1214 adnata,
1585 1162 1812 1215 adpressa‚
1843 1167 1996 1202 ovato—

400 1243 622 1295 rhombea,
647 1246 798 1294 acuta,
828 1239 1085 1291 marginalia
1104 1239 1355 1292 complicato
1376 1239 1642 1279 navicularia
1666 1239 1874 1279 ramulum
1903 1252 1998 1280 am-

400 1318 653 1372 plectentia,
684 1321 806 1357 acute
836 1315 1050 1368 carinata,
1080 1316 1258 1355 facialia
1285 1316 1434 1370 plana,
1464 1316 1598 1355 medio
1624 1315 1825 1366 glandula
1842 1315 1997 1356 lineari

400 1401 534 1436 totam
568 1394 876 1445 longitudinem
913 1398 1168 1446 occupante,
1205 1393 1373 1433 tandem
1408 1393 1526 1433 sulco
1560 1394 1769 1445 profundo
1800 1397 1992 1447 exarata,

400 1472 542 1512 omnia
570 1471 725 1523 nitida,
755 1470 908 1521 glauco
937 1470 1145 1521 virentia,
1174 1469 1329 1509 lineam
1358 1469 1533 1509 circiter
1561 1469 1712 1522 longa,
1743 1469 1818 1509 sub
1848 1474 1995 1509 nostro

400 1548 545 1588 saltim
575 1546 679 1587 coelo
708 1559 783 1599 per
811 1545 1041 1586 triennium
1069 1545 1279 1598 virentia,
1308 1546 1476 1585 tandem
1505 1545 1772 1599 arescentia,
1800 1545 1995 1585 ramulo-

400 1637 477 1679 que
514 1623 673 1663 sensim
709 1622 949 1662 incrassato
992 1626 1034 1661 et
1070 1621 1114 1661 in
1151 1622 1335 1661 formam
1371 1626 1550 1661 teretem
1596 1622 1773 1661 abeunte
1818 1621 1996 1670 dejecta.

396 1701 548 1741 Flores
576 1699 621 1739 in
648 1698 826 1738 ramulis
854 1697 1068 1737 annotinis
1098 1697 1359 1737 terminales.
1415 1697 1599 1737 Amenta
1634 1695 1917 1747 staminigera
1953 1696 1995 1736 in

399 1788 614 1818 ramorum
634 1774 886 1815 inferiorum
906 1773 1084 1814 ramulis
1101 1773 1228 1814 solito
1244 1773 1467 1813 reclinatis
1486 1773 1666 1827 primum
1685 1773 1871 1827 sessilia,
1891 1773 1996 1813 sub-

399 1853 579 1894 rotundo
616 1852 815 1905 ovoidea,
863 1851 1027 1890 demum
1063 1849 1291 1889 manifeste
1329 1849 1546 1903 stipitata,
1595 1854 1736 1890 ovata.
1801 1849 1996 1890 Stamina

398 1930 570 1983 8-12,
601 1929 857 1969 decussatim
886 1927 1102 1982 opposita,
1134 1926 1398 1967 connectivis
1418 1925 1655 1966 excentrice
1674 1925 1846 1979 peltatis
1865 1939 1996 1980 squa-

399 2006 711 2060 maeformibus,
741 2004 1093 2058 suborbiculatis,
1125 2002 1488 2057 convexiusculis,
1514 2002 1819 2056 quadrifariam
1840 2001 1994 2042 imbri-

399 2085 532 2137 catis,
571 2083 757 2123 antherae
797 2081 952 2121 loculis
990 2082 1013 2122 3
1050 2094 1090 2120 v.
1121 2082 1160 2121 4.
1219 2079 1414 2120 Stamina
1446 2092 1609 2119 summa
1636 2092 1746 2132 saepe
1776 2078 1995 2133 abortiva,

398 2174 419 2200 e
457 2159 548 2200 solo
587 2157 778 2211 stipitulo
817 2157 1065 2197 subclavato
1105 2155 1361 2196 constantia.
1417 2154 1588 2195 Amenti
1622 2154 1911 2205 gemmuliferi
1947 2167 1996 2194 ex

397 2236 578 2278 ramulis
607 2234 898 2288 superioribus
935 2238 1184 2287 nascentes,
1222 2244 1405 2287 squamae
1435 2245 1508 2271 sex
1535 2245 1574 2271 v.
1607 2237 1724 2286 octo,
1767 2230 1994 2272 cruciatim

398 2312 953 2366 stellato-patentissimae,
1003 2311 1262 2351 subcarnoso
1306 2309 1536 2362 coriaceae,
1584 2309 1749 2361 ovales,
1786 2320 1992 2361 supremae

396 2389 863 2433 21ineari-subulatzc
902 2388 1093 2441 steriles,
1134 2399 1278 2426 omnes
1313 2386 1485 2425 basibus
1520 2383 1776 2424 incrassatis
1812 2383 1993 2436 pressim

400 2465 711 2506 accumbentes.
771 2463 998 2503 Gemmulae
1029 2464 1081 2502 ad
1107 2462 1241 2502 basim
1278 2472 1545 2514 squamarum
1583 2460 1672 2498 duae
1712 2457 1784 2508 (in
1820 2471 1994 2513 squama

397 2541 629 2596 penultima
657 2553 765 2592 saepe
795 2539 975 2591 unica),
1016 2537 1308 2590 collaterales,
1339 2536 1538 2587 sessiles,
1569 2535 1794 2575 earundem
1822 2535 1995 2576 basibus
2041 2536 2045 2541 ’

398 2622 552 2671 praeter
573 2615 714 2668 apices
732 2614 921 2654 breviter
942 2618 1131 2653 exsertos
1153 2613 1354 2666 obtectae,
1385 2612 1558 2651 ovoideo
1589 2611 1876 2665 subglobosee,
1904 2611 1992 2651 mi—

397 2692 570 2746 cropyle
589 2691 779 2731 breviter
796 2694 1015 2742 protracta
1033 2689 1374 2739 lagena-formes,
1396 2687 1544 2727 nucleo
1569 2687 1848 2738 integumenti
1869 2686 1992 2727 cavi-

398 2775 531 2811 tatem
570 2769 680 2808 haud
718 2767 930 2820 explente,
967 2765 1130 2805 vertice
1170 2777 1354 2804 convexo
1394 2777 1435 2803 v.
1477 2763 1756 2815 complanato.
1813 2762 1992 2803 Strobili

396 2846 554 2886 maturi
582 2844 689 2884 mole
719 2844 938 2883 admodum
967 2842 1111 2896 varia,
1141 2843 1269 2882 4—ss
1298 2841 1434 2880 lineas
1463 2839 1607 2893 longi,
1642 2839 1992 2893 ovato-elliptici,

397 2922 584 2977 squamis
611 2921 792 2974 primum
821 2919 1014 2959 carnosis
1042 2918 1278 2958 virentibus
1308 2930 1404 2956 rore
1434 2929 1597 2968 cyaneo
1626 2915 1778 2966 glauco
1804 2915 1992 2969 vestitis,

399 3000 562 3039 demum
598 2996 961 3050 exarescentibus,
1006 2994 1173 3045 lignoso
1214 2993 1447 3046 induratis,
1492 2991 1856 3042 fuscescentibus,
1895 2990 1990 3031 laxe

397 3075 569 3129 patulis.
626 3074 817 3127 Squamae
857 3071 1035 3122 singulae
1074 3072 1198 3111 dorso
1236 3071 1353 3109 infra
1387 3069 1549 3121 apicem
1577 3081 1780 3121 processu
1808 3079 1990 3108 recurvo

398 3149 737 3192 corniculiformi
759 3149 851 3202 plus
871 3148 1010 3188 minus
1031 3160 1198 3202 magno,
1229 3146 1462 3187 exteriores
1484 3150 1662 3199 quatuor
1682 3144 1842 3198 ovales,
1869 3142 1991 3184 basi-

398 3229 475 3269 bus
505 3228 616 3268 inter
643 3239 689 3266 se
719 3231 933 3279 connata,
973 3224 1131 3265 intimae
1167 3223 1338 3265 steriles
1367 3222 1538 3263 basibus
1567 3225 1831 3273 angustatae,
1869 3218 1990 3274 quasi
