2197 3649
256 218 366 271 1⁰2
1019 223 1182 258 Annis.

252 352 624 421 gemmuliferis
650 350 969 407 nutantibuS‚
1005 347 1228 396 bracteis
1255 346 1589 412 squamisque
1617 344 1842 394 breviter
1867 342 1956 392 sti-

251 434 426 500 pitatis
471 431 845 482 orbicularibus
889 428 1116 478 crenatis
1161 434 1340 478 exacte
1383 443 1438 477 se
1481 425 1704 475 invicem
1748 438 1958 490 aequan-

251 517 404 567 tibus·

358 625 491 667 Abies
520 623 754 676 homolepis
781 621 955 663 Siebold
982 626 1024 661 et
1043 619 1292 661 Zoton-arim·
1320 620 1440 659 Flor.
1462 619 1624 672 Jupon.
1646 618 1703 659 ΙΙ.
1729 620 1791 661 17.
1814 624 1848 658 t,
1867 618 1956 660 108.

359 703 491 743 Pinus
520 700 754 753 homelepis
783 699 967 739 Antoine
999 695 1145 747 C'om'l'.
1178 697 1239 737 78.
1272 701 1299 735 t.
1331 695 1395 736 31.
1425 693 1463 745 f.
1496 695 1532 735 1.

360 776 644 828 Sjura-momi
672 789 713 816 v·
734 775 823 817 Ura
850 775 939 815 siro
970 773 1096 813 momi
1126 772 1183 824 (i.
1205 784 1241 812 e.
1263 771 1390 812 Abies
1415 772 1579 824 pagina
1603 769 1819 822 foliorum
1835 769 1959 821 infe—

411 854 532 894 riore
559 852 697 904 alba).
727 853 890 905 Japon.

356 930 410 995 β,
440 929 659 970 Toknaiae.
677 931 903 981 —Futsup
934 927 1061 968 Aino-

329 1042 502 1093 Crescz‘t
526 1050 690 1106 sponte
713 1042 768 1089 in
793 1040 1031 1088 montibus
1061 1037 1231 1088 Owari
1255 1033 1347 1101 (35
1365 1033 1384 1065 ⁰
1402 1036 1460 1084 L.
1483 1035 1570 1102 B.)
1598 1045 1638 1085 et
1664 1035 1855 1085 Sinano
1885 1037 1962 1085 in-

257 1126 373 1174 suloe
410 1124 606 1188 Nippon
641 1119 940 1187 (Midsutani
978 1117 1218 1168 Sukerok
1255 1125 1306 1167 et
1339 1115 1702 1182 Ito-Keiske),
1747 1121 1872 1167 culta
1910 1120 1963 1167 in

258 1208 408 1256 hortis
437 1222 585 1270 prope
607 1204 857 1268 Naqasakz·
889 1211 929 1251 et
959 1201 1208 1258 Ohosaka,
1249 1217 1335 1250 nec
1357 1217 1456 1249 non
1481 1201 1546 1249 ad
1569 1201 1700 1248 viam
1720 1202 1963 1264 publicam

260 1305 364 1354 quae
395 1289 461 1338 ad
491 1289 655 1335 urbem
682 1286 799 1335 Jedo
843 1286 970 1333 ducit
1006 1279 1282 1348 (Siebold).
1310 1310 1376 1316 —
1425 1280 1464 1344 β
1495 1284 1826 1331 verosimiliter
1870 1283 1964 1331 dis-

259 1372 410 1420 tincta
441 1371 629 1434 species,
669 1369 723 1416 in
744 1368 915 1416 insulis
937 1366 1080 1422 Jezo,
1120 1365 1335 1429 Karafto
1363 1373 1403 1413 et
1427 1364 1587 1430 Iterop
1623 1367 1781 1428 sylvas
1803 1374 1963 1414 vastas

267 1454 502 1517 efformet.
577 1447 829 1515 (Mogami
855 1443 1086 1511 Toknai.)

418 1562 585 1615 „Arbor
611 1561 733 1603 20—
753 1559 1000 1611 30pedalis,
1039 1558 1183 1598 habitu
1212 1557 1377 1598 Abietis
1406 1557 1643 1609 peetinatae.
1699 1558 1869 1599 Ramuli
1891 1560 1966 1608 Ju-

369 1638 539 1692 „niores
567 1636 731 1690 stricti,
769 1639 948 1688 teretes,
986 1634 1172 1686 pulvinis
1202 1634 1498 1674 subrhombeis
1536 1634 1671 1674 medio
1702 1635 1829 1674 dorso
1861 1647 1966 1675 con-

370 1714 515 1768 „vexis
553 1714 681 1754 dense
721 1711 850 1751 obsiti
885 1710 1172 1764 phyllulisque
1211 1710 1520 1750 orbicularibus
1558 1709 1756 1765 areolati,
1803 1711 1966 1765 glabri,

368 1792 891 1846 „cinereo-flavescentes.
948 1788 1130 1828 Gemmae
1166 1788 1387 1841 perulatae,
1428 1792 1583 1839 ovatae,
1621 1788 1894 1828 acutiusculae
1924 1803 1965 1829 v.

368 1868 579 1923 „obtusae,
606 1865 729 1907 valde
757 1865 976 1905 resinosae.
1032 1864 1192 1904 Perulae
1222 1877 1479 1915 numerosae,
1518 1864 1820 1920 pluriseriatae,
1851 1870 1968 1907 arcte

371 1944 655 1998 „imbricatae‚
696 1942 863 1982 tandem
903 1940 946 1981 in
984 1940 1077 1980 basi
1114 1941 1265 1980 ramuli
1306 1933 1521 1980 intubum
1553 1941 1831 1994 cylindricum
1863 1955 1967 1982 con-

371 2024 529 2074 „gestae
558 2023 601 2061 et
625 2020 767 2072 plures
796 2031 872 2070 per
899 2030 1033 2058 annos
1061 2017 1361 2071 persistentes,
1393 2021 1541 2072 ovatae,
1573 2018 1747 2071 obtusae,
1778 2019 1968 2069 integer-

372 2098 536 2152 „rimae,
575 2096 796 2148 carinatae,
833 2095 1060 2149 coriaceae,
1101 2094 1294 2147 glabrae,
1325 2094 1550 2135 interiores
1578 2095 1811 2149 longiores,
1848 2100 1969 2136 tene-

372 2176 536 2228 „riores
565 2178 606 2214 et
633 2173 759 2212 rubro
789 2173 976 2212 suffusae.
1020 2172 1143 2212 Folia
1171 2172 1394 2224 septimum
1424 2172 1467 2212 in
1498 2185 1650 2212 annum
1678 2173 1967 2228 persistentia,

371 2252 535 2305 „valdee
548 2250 633 2291 sibi
662 2249 972 2304 approximata,
1003 2250 1185 2303 alterna,
1216 2249 1477 2289 subdistiche
1506 2251 1835 2303 sursunrflexa‚
1874 2250 1969 2291 basi

373 2333 533 2383 „torta,
570 2328 710 2368 minus
750 2331 964 2368 attenuata
1003 2340 1124 2380 quam
1161 2327 1333 2366 dilatata
1372 2327 1414 2366 in
1441 2327 1642 2379 petiolum
1670 2327 1968 2368 brevissimum

373 2405 623 2458 „peltatum,
658 2403 854 2456 linearia,
895 2402 1161 2442 acutiuscula
1196 2416 1237 2442 v.
1278 2403 1452 2455 obtusa,
1502 2404 1744 2455 plerumque
1783 2403 1969 2443 breviter

375 2480 863 2533 „exciso-bicuspidata,
895 2479 1189 2531 integerrima,
1219 2479 1367 2531 plana,
1408 2478 1556 2518 subtus
1588 2479 1777 2518 carinata
1805 2483 1846 2519 et
1874 2484 1969 2519 sto-

375 2560 557 2609 „matum
586 2555 706 2595 striis
733 2555 892 2594 duabus
915 2555 1023 2594 albis
1052 2558 1220 2605 notata3
1251 2567 1429 2605 superne
1457 2553 1565 2594 laete
1594 2554 1791 2610 virentia,
1822 2555 1968 2610 nitida,

375 2632 619 2686 „coriacea,
647 2633 790 2685 firma,
821 2631 1017 2672 6—10“‘
1036 2631 1177 2680 longa.
1208 2631 1387 2670 Amenta
1408 2631 1597 2670 mascula
1621 2644 1704 2671 non
1725 2632 1962 2672 observata.

375 2709 583 2762 „Amenta
616 2707 799 2748 feminea
825 2707 1042 2761 lateralia,
1084 2707 1279 2747 solitaria
1308 2721 1328 2747 e
1358 2707 1536 2758 gemmis
1566 2708 1812 2750 axillaribus
1843 2710 1970 2751 dense

377 2788 446 2837 „et
483 2783 738 2824 imbricatim
776 2782 996 2834 perulatis.
1051 2783 1213 2822 Perulae
1255 2788 1298 2822 ut
1336 2783 1378 2823 in
1418 2784 1597 2834 gemmis
1634 2785 1854 2840 foliiferis,
1896 2786 1971 2826 sed

377 2859 629 2912 „interiores
647 2858 865 2909 longiores
886 2858 1102 2910 oblongae,
1124 2859 1478 2913 membranaceae,
1506 2860 1718 2912 flaccidae,
1739 2873 1970 2912 purpuras-

377 2939 565 2988 „centes.
619 2935 801 2975 Amenta
828 2933 922 2986 ipsa
951 2934 1086 2975 1—2‘¹
1106 2934 1259 2988 longa,
1292 2935 1549 2990 cylindrica,
1581 2936 1744 2990 obtusa,
1775 2937 1970 2976 deorsum

378 3012 512 3063 „flexa
539 3013 581 3050 et
608 3022 718 3062 saepe
749 3014 947 3065 curvata,
978 3009 1161 3050 sessilia.
1213 3011 1401 3050 Bracteae
1431 3023 1692 3064 squamaeque
1721 3025 1969 3066 numerosae,

379 3087 535 3140 „dense
564 3087 823 3141 imbricatae,
853 3086 930 3126 sub
960 3087 1268 3127 foecundatione
1299 3087 1584 3137 magnitudine
1615 3101 1728 3141 :eque
1758 3101 1809 3129 ac
1837 3090 1973 3139 figura

378 3162 526 3216 „plane
554 3161 665 3203 inter
691 3175 739 3203 se
769 3162 1025 3216 conformes,
1054 3176 1102 3203 ex
1131 3176 1267 3213 ungue
1298 3163 1415 3204 brevi
1446 3164 1681 3216 cylindrico
1712 3165 1972 3206 orbiculares

378 3239 663 3295 „rotundatae,
700 3239 890 3292 margine
920 3239 1213 3292 irregulariter
1242 3241 1729 3296 erenato-denticulatae‚
1760 3254 1971 3296 concavae,
