<?xml version="1.0" encoding="UTF-8"?>
<!DOCTYPE html PUBLIC "-//W3C//DTD XHTML 1.0 Transitional//EN"
    "http://www.w3.org/TR/xhtml1/DTD/xhtml1-transitional.dtd">
<html xmlns="http://www.w3.org/1999/xhtml" xml:lang="en" lang="en">
 <head>
  <title>
</title>
<meta http-equiv="Content-Type" content="text/html;charset=utf-8" />
  <meta name='ocr-system' content='tesseract 3.04.00' />
  <meta name='ocr-capabilities' content='ocr_page ocr_carea ocr_par ocr_line ocrx_word'/>
</head>
<body>
  <div class='ocr_page' id='page_1' title='image "./synopsisconifera1847endl/synopsisconifera1847endl_0286.png"; bbox 0 0 2197 3649; ppageno 0'>
   <div class='ocr_carea' id='block_1_1' title="bbox 303 241 1477 292">
    <p class='ocr_par' dir='ltr' id='par_1_1' title="bbox 303 241 1477 292">
     <span class='ocr_line' id='line_1_1' title="bbox 303 241 1477 292; baseline -0.009 0"><span class='ocrx_word' id='word_1_1' title='bbox 303 241 421 292; x_wconf 79' lang='lat'><strong>278</strong></span> <span class='ocrx_word' id='word_1_2' title='bbox 834 248 1181 284; x_wconf 80' lang='lat' dir='ltr'><strong>CUPRESSINEAE</strong></span> <span class='ocrx_word' id='word_1_3' title='bbox 1227 247 1477 284; x_wconf 76' lang='lat' dir='ltr'><strong>FOSSILES.</strong></span> 
     </span>
    </p>
   </div>
   <div class='ocr_carea' id='block_1_2' title="bbox 383 371 2014 1116">
    <p class='ocr_par' dir='ltr' id='par_1_2' title="bbox 512 371 2013 582">
     <span class='ocr_line' id='line_1_2' title="bbox 512 371 2009 428; baseline -0.006 -11"><span class='ocrx_word' id='word_1_4' title='bbox 512 376 672 428; x_wconf 85' lang='lat' dir='ltr'><strong>perites</strong></span> <span class='ocrx_word' id='word_1_5' title='bbox 701 374 898 416; x_wconf 90' lang='lat' dir='ltr'><strong>subulata</strong></span> <span class='ocrx_word' id='word_1_6' title='bbox 924 374 1121 427; x_wconf 78' lang='lat' dir='ltr'><strong>Bronyn.</strong></span> <span class='ocrx_word' id='word_1_7' title='bbox 1148 374 1196 414; x_wconf 77' lang='lat' dir='ltr'><strong>in</strong></span> <span class='ocrx_word' id='word_1_8' title='bbox 1220 373 1451 413; x_wconf 75' lang='lat' dir='ltr'><strong>Transacc.</strong></span> <span class='ocrx_word' id='word_1_9' title='bbox 1485 372 1649 426; x_wconf 72' lang='lat' dir='ltr'><strong>yeoloq.</strong></span> <span class='ocrx_word' id='word_1_10' title='bbox 1680 382 1767 411; x_wconf 73' lang='lat' dir='ltr'><strong>soc.</strong></span> <span class='ocrx_word' id='word_1_11' title='bbox 1804 371 1891 410; x_wconf 85' lang='lat' dir='ltr'><strong>VII.</strong></span> <span class='ocrx_word' id='word_1_12' title='bbox 1920 371 2009 412; x_wconf 82' lang='grc'><strong>373.</strong></span> 
     </span>
     <span class='ocr_line' id='line_1_3' title="bbox 515 447 2013 502; baseline -0.004 -9"><span class='ocrx_word' id='word_1_13' title='bbox 515 454 633 493; x_wconf 90' lang='lat' dir='ltr'><strong>—In</strong></span> <span class='ocrx_word' id='word_1_14' title='bbox 663 453 826 493; x_wconf 86' lang='lat' dir='ltr'><strong>schisto</strong></span> <span class='ocrx_word' id='word_1_15' title='bbox 857 452 1051 492; x_wconf 79' lang='lat' dir='ltr'><strong>calcareo</strong></span> <span class='ocrx_word' id='word_1_16' title='bbox 1082 451 1339 492; x_wconf 87' lang='lat' dir='ltr'><strong>bituminoso</strong></span> <span class='ocrx_word' id='word_1_17' title='bbox 1369 451 1419 490; x_wconf 85' lang='lat' dir='ltr'><strong>ad</strong></span> <span class='ocrx_word' id='word_1_18' title='bbox 1453 449 1630 500; x_wconf 79' lang='lat' dir='ltr'><strong>llaering</strong></span> <span class='ocrx_word' id='word_1_19' title='bbox 1657 447 1852 502; x_wconf 76' lang='lat' dir='ltr'><strong>&#39;Pyrolis‚</strong></span> <span class='ocrx_word' id='word_1_20' title='bbox 1893 452 1935 487; x_wconf 89' lang='lat' dir='ltr'><strong>et</strong></span> <span class='ocrx_word' id='word_1_21' title='bbox 1962 448 2013 488; x_wconf 83' lang='lat' dir='ltr'><strong>ad</strong></span> 
     </span>
     <span class='ocr_line' id='line_1_4' title="bbox 517 527 1186 582; baseline -0.004 -13"><span class='ocrx_word' id='word_1_22' title='bbox 517 529 743 569; x_wconf 87' lang='lat' dir='ltr'><strong>Armissan</strong></span> <span class='ocrx_word' id='word_1_23' title='bbox 772 541 900 582; x_wconf 88' lang='lat' dir='ltr'><strong>prope</strong></span> <span class='ocrx_word' id='word_1_24' title='bbox 930 527 1186 569; x_wconf 81' lang='lat' dir='ltr'><strong>Narbonam.</strong></span> 
     </span>
    </p>

    <p class='ocr_par' dir='ltr' id='par_1_3' title="bbox 383 601 2014 1116">
     <span class='ocr_line' id='line_1_5' title="bbox 383 601 2012 651; baseline -0.004 -5"><span class='ocrx_word' id='word_1_25' title='bbox 383 607 446 647; x_wconf 88' lang='grc'><strong>34.</strong></span> <span class='ocrx_word' id='word_1_26' title='bbox 479 606 928 645; x_wconf 73' lang='lat' dir='ltr'><strong>CHAMAECYPARITES</strong></span> <span class='ocrx_word' id='word_1_27' title='bbox 957 604 1207 644; x_wconf 66' lang='lat' dir='ltr'><strong>ULLMANM</strong></span> <span class='ocrx_word' id='word_1_28' title='bbox 1244 603 1377 642; x_wconf 76' lang='lat' dir='ltr'><strong>Endl.</strong></span> <span class='ocrx_word' id='word_1_29' title='bbox 1438 603 1515 642; x_wconf 84' lang='lat' dir='ltr'><strong>Ch.</strong></span> <span class='ocrx_word' id='word_1_30' title='bbox 1549 602 1668 642; x_wconf 83' lang='lat' dir='ltr'><strong>caule</strong></span> <span class='ocrx_word' id='word_1_31' title='bbox 1699 601 2012 651; x_wconf 84' lang='lat' dir='ltr'><strong>arborescente,</strong></span> 
     </span>
     <span class='ocr_line' id='line_1_6' title="bbox 514 677 2014 731; baseline -0.003 -11"><span class='ocrx_word' id='word_1_32' title='bbox 514 681 634 721; x_wconf 86' lang='lat' dir='ltr'><strong>foliis</strong></span> <span class='ocrx_word' id='word_1_33' title='bbox 671 681 812 722; x_wconf 89' lang='lat' dir='ltr'><strong>ovatis</strong></span> <span class='ocrx_word' id='word_1_34' title='bbox 857 680 1166 721; x_wconf 86' lang='lat' dir='ltr'><strong>lanceolatisve</strong></span> <span class='ocrx_word' id='word_1_35' title='bbox 1214 678 1516 720; x_wconf 87' lang='lat' dir='ltr'><strong>remotiuscule</strong></span> <span class='ocrx_word' id='word_1_36' title='bbox 1552 677 1789 718; x_wconf 76' lang='lat' dir='ltr'><strong>imbricatis</strong></span> <span class='ocrx_word' id='word_1_37' title='bbox 1830 682 2014 731; x_wconf 87' lang='lat' dir='ltr'><strong>septem-</strong></span> 
     </span>
     <span class='ocr_line' id='line_1_7' title="bbox 514 755 2012 811; baseline -0.002 -13"><span class='ocrx_word' id='word_1_38' title='bbox 514 758 670 811; x_wconf 83' lang='lat' dir='ltr'><strong>fariis,</strong></span> <span class='ocrx_word' id='word_1_39' title='bbox 707 758 879 798; x_wconf 88' lang='lat' dir='ltr'><strong>strobili</strong></span> <span class='ocrx_word' id='word_1_40' title='bbox 917 758 1098 808; x_wconf 80' lang='lat' dir='ltr'><strong>oblongo</strong></span> <span class='ocrx_word' id='word_1_41' title='bbox 1129 757 1242 797; x_wconf 83' lang='lat' dir='ltr'><strong>ovati</strong></span> <span class='ocrx_word' id='word_1_42' title='bbox 1283 757 1474 811; x_wconf 79' lang='lat' dir='ltr'>squamis</span> <span class='ocrx_word' id='word_1_43' title='bbox 1505 755 1829 808; x_wconf 83' lang='lat' dir='ltr'><strong>quadriseriatis</strong></span> <span class='ocrx_word' id='word_1_44' title='bbox 1858 757 2012 796; x_wconf 85' lang='lat' dir='ltr'><strong>subro-</strong></span> 
     </span>
     <span class='ocr_line' id='line_1_8' title="bbox 515 832 2014 886; baseline -0.001 -14"><span class='ocrx_word' id='word_1_45' title='bbox 515 833 685 886; x_wconf 86' lang='lat' dir='ltr'><strong>tundis,</strong></span> <span class='ocrx_word' id='word_1_46' title='bbox 726 833 844 873; x_wconf 86' lang='lat' dir='ltr'><strong>disco</strong></span> <span class='ocrx_word' id='word_1_47' title='bbox 874 833 1066 882; x_wconf 71' lang='lat' dir='ltr'><strong>margine</strong></span> <span class='ocrx_word' id='word_1_48' title='bbox 1107 832 1306 872; x_wconf 82' lang='lat' dir='ltr'><strong>radiatim</strong></span> <span class='ocrx_word' id='word_1_49' title='bbox 1336 832 1491 872; x_wconf 87' lang='lat' dir='ltr'><strong>striato</strong></span> <span class='ocrx_word' id='word_1_50' title='bbox 1522 836 1668 873; x_wconf 88' lang='lat' dir='ltr'><strong>centro</strong></span> <span class='ocrx_word' id='word_1_51' title='bbox 1698 832 1941 872; x_wconf 88' lang='lat' dir='ltr'><strong>umbonato.</strong></span> <span class='ocrx_word' id='word_1_52' title='bbox 1963 854 2014 859; x_wconf 91' lang='lat'><strong>-—-</strong></span> 
     </span>
     <span class='ocr_line' id='line_1_9' title="bbox 516 907 2011 962; baseline -0.001 -13"><span class='ocrx_word' id='word_1_53' title='bbox 516 910 757 962; x_wconf 86' lang='lat' dir='ltr'><strong>Cupressus</strong></span> <span class='ocrx_word' id='word_1_54' title='bbox 788 909 1003 950; x_wconf 89' lang='lat' dir='ltr'><strong>Ullmanni</strong></span> <span class='ocrx_word' id='word_1_55' title='bbox 1028 909 1181 947; x_wconf 73' lang='lat' dir='ltr'><strong>Broml</strong></span> <span class='ocrx_word' id='word_1_56' title='bbox 1205 909 1251 948; x_wconf 80' lang='lat' dir='ltr'><strong>in</strong></span> <span class='ocrx_word' id='word_1_57' title='bbox 1275 908 1439 948; x_wconf 68' lang='lat' dir='ltr'><strong>Leonlt.</strong></span> <span class='ocrx_word' id='word_1_58' title='bbox 1465 908 1700 948; x_wconf 78' lang='lat' dir='ltr'><strong>Taschenb.</strong></span> <span class='ocrx_word' id='word_1_59' title='bbox 1734 908 1848 949; x_wconf 84' lang='grc'><strong>1828.</strong></span> <span class='ocrx_word' id='word_1_60' title='bbox 1882 907 1940 947; x_wconf 91' lang='grc' dir='ltr'><strong>ΙΙ.</strong></span> <span class='ocrx_word' id='word_1_61' title='bbox 1972 907 2011 949; x_wconf 84' lang='grc'><strong>2.</strong></span> 
     </span>
     <span class='ocr_line' id='line_1_10' title="bbox 515 984 2012 1039; baseline -0.002 -12"><span class='ocrx_word' id='word_1_62' title='bbox 515 984 606 1027; x_wconf 84' lang='grc'><strong>526.</strong></span> <span class='ocrx_word' id='word_1_63' title='bbox 634 992 663 1026; x_wconf 79' lang='lat' dir='ltr'><strong>t.</strong></span> <span class='ocrx_word' id='word_1_64' title='bbox 688 987 726 1027; x_wconf 83' lang='lat'><strong>4.</strong></span> <span class='ocrx_word' id='word_1_65' title='bbox 785 986 1054 1039; x_wconf 81' lang='lat' dir='ltr'><strong>Cupressites</strong></span> <span class='ocrx_word' id='word_1_66' title='bbox 1091 985 1308 1025; x_wconf 87' lang='lat' dir='ltr'><strong>Ullmanni</strong></span> <span class='ocrx_word' id='word_1_67' title='bbox 1350 986 1545 1038; x_wconf 71' lang='lat' dir='ltr'><strong>Bronyn.</strong></span> <span class='ocrx_word' id='word_1_68' title='bbox 1581 985 1744 1024; x_wconf 83' lang='lat' dir='ltr'><strong>Prodr.</strong></span> <span class='ocrx_word' id='word_1_69' title='bbox 1784 985 1873 1026; x_wconf 84' lang='lat'><strong>109.</strong></span> <span class='ocrx_word' id='word_1_70' title='bbox 1902 985 2012 1024; x_wconf 84' lang='lat' dir='ltr'><strong>—In</strong></span> 
     </span>
     <span class='ocr_line' id='line_1_11' title="bbox 514 1061 1613 1116; baseline -0.002 -14"><span class='ocrx_word' id='word_1_71' title='bbox 514 1062 736 1116; x_wconf 88' lang='lat' dir='ltr'><strong>psammite</strong></span> <span class='ocrx_word' id='word_1_72' title='bbox 760 1062 982 1114; x_wconf 70' lang='lat' dir='ltr'><strong>vax-iegato</strong></span> <span class='ocrx_word' id='word_1_73' title='bbox 1012 1063 1063 1102; x_wconf 86' lang='lat' dir='ltr'><strong>ad</strong></span> <span class='ocrx_word' id='word_1_74' title='bbox 1093 1061 1404 1111; x_wconf 76' lang='lat' dir='ltr'><strong>Frankenberg:</strong></span> <span class='ocrx_word' id='word_1_75' title='bbox 1433 1061 1613 1101; x_wconf 85' lang='lat' dir='ltr'><strong>Hassiae.</strong></span> 
     </span>
    </p>
   </div>
   <div class='ocr_carea' id='block_1_3' title="bbox 777 1194 1567 1245">
    <p class='ocr_par' dir='ltr' id='par_1_4' title="bbox 777 1194 1567 1245">
     <span class='ocr_line' id='line_1_12' title="bbox 777 1194 1567 1245; baseline -0.004 0"><span class='ocrx_word' id='word_1_76' title='bbox 777 1196 886 1244; x_wconf 88' lang='lat' dir='ltr'>XII.</span> <span class='ocrx_word' id='word_1_77' title='bbox 925 1197 1381 1245; x_wconf 70' lang='lat' dir='ltr'><strong>PAssALos‘mOBUS</strong></span> <span class='ocrx_word' id='word_1_78' title='bbox 1418 1194 1567 1243; x_wconf 90' lang='lat' dir='ltr'><strong>Endl.</strong></span> 
     </span>
    </p>
   </div>
   <div class='ocr_carea' id='block_1_4' title="bbox 310 1307 2014 1441">
    <p class='ocr_par' dir='ltr' id='par_1_5' title="bbox 310 1307 2014 1441">
     <span class='ocr_line' id='line_1_13' title="bbox 377 1307 2014 1376; baseline -0.002 -16"><span class='ocrx_word' id='word_1_79' title='bbox 377 1310 577 1360; x_wconf 73' lang='lat' dir='ltr'><strong>Strobili</strong></span> <span class='ocrx_word' id='word_1_80' title='bbox 596 1325 825 1376; x_wconf 82' lang='lat' dir='ltr'><strong>squamae</strong></span> <span class='ocrx_word' id='word_1_81' title='bbox 844 1308 1067 1374; x_wconf 86' lang='lat' dir='ltr'><strong>peltatae,</strong></span> <span class='ocrx_word' id='word_1_82' title='bbox 1091 1307 1332 1357; x_wconf 82' lang='lat' dir='ltr'>laterales</span> <span class='ocrx_word' id='word_1_83' title='bbox 1355 1307 1505 1356; x_wconf 84' lang='lat' dir='ltr'><strong>unica</strong></span> <span class='ocrx_word' id='word_1_84' title='bbox 1526 1308 1660 1357; x_wconf 86' lang='lat' dir='ltr'><strong>serie</strong></span> <span class='ocrx_word' id='word_1_85' title='bbox 1680 1307 2014 1365; x_wconf 86' lang='lat' dir='ltr'><strong>verticillatae,</strong></span> 
     </span>
     <span class='ocr_line' id='line_1_14' title="bbox 310 1390 978 1441; baseline -0.004 0"><span class='ocrx_word' id='word_1_86' title='bbox 310 1409 427 1441; x_wconf 89' lang='lat' dir='ltr'><strong>cum</strong></span> <span class='ocrx_word' id='word_1_87' title='bbox 453 1391 708 1441; x_wconf 81' lang='lat' dir='ltr'><strong>terminali</strong></span> <span class='ocrx_word' id='word_1_88' title='bbox 734 1390 978 1440; x_wconf 82' lang='lat' dir='ltr'><strong>solitaria.</strong></span> 
     </span>
    </p>
   </div>
   <div class='ocr_carea' id='block_1_5' title="bbox 387 1499 2014 1939">
    <p class='ocr_par' dir='ltr' id='par_1_6' title="bbox 387 1499 2014 1939">
     <span class='ocr_line' id='line_1_15' title="bbox 387 1499 2013 1551; baseline -0.005 -5"><span class='ocrx_word' id='word_1_89' title='bbox 387 1506 453 1546; x_wconf 87' lang='lat'><strong>35.</strong></span> <span class='ocrx_word' id='word_1_90' title='bbox 483 1506 915 1545; x_wconf 73' lang='lat' dir='ltr'><strong>PASSALOSTROBUS</strong></span> <span class='ocrx_word' id='word_1_91' title='bbox 951 1511 1280 1542; x_wconf 56' lang='lat' dir='ltr'><strong>TESSELLA&#39;rrs</strong></span> <span class='ocrx_word' id='word_1_92' title='bbox 1316 1502 1447 1541; x_wconf 77' lang='lat' dir='ltr'><em>Endl.</em></span> <span class='ocrx_word' id='word_1_93' title='bbox 1508 1503 1550 1540; x_wconf 83' lang='lat' dir='ltr'><strong>P.</strong></span> <span class='ocrx_word' id='word_1_94' title='bbox 1575 1500 1742 1541; x_wconf 83' lang='lat' dir='ltr'><strong>strobili</strong></span> <span class='ocrx_word' id='word_1_95' title='bbox 1766 1499 2013 1551; x_wconf 73' lang='lat' dir='ltr'><strong>subglobosi</strong></span> 
     </span>
     <span class='ocr_line' id='line_1_16' title="bbox 519 1576 2014 1636; baseline -0.004 -15"><span class='ocrx_word' id='word_1_96' title='bbox 519 1581 706 1636; x_wconf 81' lang='lat' dir='ltr'><strong>squamis</strong></span> <span class='ocrx_word' id='word_1_97' title='bbox 745 1581 924 1635; x_wconf 86' lang='lat' dir='ltr'><strong>quinque</strong></span> <span class='ocrx_word' id='word_1_98' title='bbox 956 1579 1230 1619; x_wconf 87' lang='lat' dir='ltr'><strong>verticillatis</strong></span> <span class='ocrx_word' id='word_1_99' title='bbox 1272 1578 1464 1629; x_wconf 77' lang='lat' dir='ltr'><strong>margine</strong></span> <span class='ocrx_word' id='word_1_100' title='bbox 1506 1576 1844 1618; x_wconf 87' lang='lat' dir='ltr'><strong>subincrassatis</strong></span> <span class='ocrx_word' id='word_1_101' title='bbox 1888 1577 2014 1616; x_wconf 89' lang='lat' dir='ltr'><strong>dorso</strong></span> 
     </span>
     <span class='ocr_line' id='line_1_17' title="bbox 521 1654 2013 1711; baseline -0.005 -13"><span class='ocrx_word' id='word_1_102' title='bbox 521 1671 705 1698; x_wconf 87' lang='lat' dir='ltr'><strong>convexo</strong></span> <span class='ocrx_word' id='word_1_103' title='bbox 735 1657 927 1711; x_wconf 77' lang='lat' dir='ltr'><strong>mutiois,</strong></span> <span class='ocrx_word' id='word_1_104' title='bbox 958 1656 1168 1697; x_wconf 83' lang='lat' dir='ltr'><strong>terminali</strong></span> <span class='ocrx_word' id='word_1_105' title='bbox 1196 1654 1503 1696; x_wconf 83' lang='lat' dir='ltr'><strong>suborbiculari</strong></span> <span class='ocrx_word' id='word_1_106' title='bbox 1534 1659 1681 1694; x_wconf 91' lang='lat' dir='ltr'><strong>centro</strong></span> <span class='ocrx_word' id='word_1_107' title='bbox 1711 1654 1947 1693; x_wconf 88' lang='lat' dir='ltr'><strong>umbonata.</strong></span> <span class='ocrx_word' id='word_1_108' title='bbox 1966 1675 2013 1680; x_wconf 95' lang='lat'><strong>—-</strong></span> 
     </span>
     <span class='ocr_line' id='line_1_18' title="bbox 521 1730 2011 1788; baseline -0.005 -13"><span class='ocrx_word' id='word_1_109' title='bbox 521 1734 842 1788; x_wconf 81' lang='lat' dir='ltr'><strong>Cupressinites</strong></span> <span class='ocrx_word' id='word_1_110' title='bbox 872 1733 1123 1774; x_wconf 78' lang='lat' dir='ltr'><strong>tessellatus</strong></span> <span class='ocrx_word' id='word_1_111' title='bbox 1150 1733 1422 1773; x_wconf 79' lang='lat' dir='ltr'><strong>Bowerbcmk</strong></span> <span class='ocrx_word' id='word_1_112' title='bbox 1447 1731 1634 1771; x_wconf 77' lang='lat' dir='ltr'><em>London</em></span> <span class='ocrx_word' id='word_1_113' title='bbox 1662 1730 1769 1782; x_wconf 64' lang='grc' dir='ltr'><em>δίας]</em></span> <span class='ocrx_word' id='word_1_114' title='bbox 1793 1730 1856 1770; x_wconf 85' lang='grc'><strong>53.</strong></span> <span class='ocrx_word' id='word_1_115' title='bbox 1892 1736 1920 1770; x_wconf 82' lang='lat' dir='ltr'><strong>t.</strong></span> <span class='ocrx_word' id='word_1_116' title='bbox 1950 1731 2011 1771; x_wconf 87' lang='lat'><strong>10.</strong></span> 
     </span>
     <span class='ocr_line' id='line_1_19' title="bbox 517 1807 2011 1863; baseline -0.003 -12"><span class='ocrx_word' id='word_1_117' title='bbox 517 1810 556 1862; x_wconf 74' lang='lat' dir='ltr'><strong>f.</strong></span> <span class='ocrx_word' id='word_1_118' title='bbox 581 1812 647 1853; x_wconf 82' lang='grc'><strong>26.</strong></span> <span class='ocrx_word' id='word_1_119' title='bbox 674 1811 739 1852; x_wconf 84' lang='grc'><strong>27.</strong></span> <span class='ocrx_word' id='word_1_120' title='bbox 769 1812 834 1852; x_wconf 85' lang='grc'><strong>30.</strong></span> <span class='ocrx_word' id='word_1_121' title='bbox 865 1811 929 1852; x_wconf 88' lang='grc'><strong>31.</strong></span> <span class='ocrx_word' id='word_1_122' title='bbox 962 1810 1236 1863; x_wconf 83' lang='lat' dir='ltr'><strong>Cupressites</strong></span> <span class='ocrx_word' id='word_1_123' title='bbox 1260 1809 1510 1849; x_wconf 81' lang='lat' dir='ltr'><strong>tessellatus</strong></span> <span class='ocrx_word' id='word_1_124' title='bbox 1538 1807 1682 1860; x_wconf 69' lang='lat' dir='ltr'><strong>Unqer</strong></span> <span class='ocrx_word' id='word_1_125' title='bbox 1705 1807 1895 1859; x_wconf 79' lang='lat' dir='ltr'><strong>Synops.</strong></span> <span class='ocrx_word' id='word_1_126' title='bbox 1924 1807 2011 1848; x_wconf 84' lang='lat'><strong>193.</strong></span> 
     </span>
     <span class='ocr_line' id='line_1_20' title="bbox 520 1886 1518 1939; baseline -0.005 -10"><span class='ocrx_word' id='word_1_127' title='bbox 520 1913 569 1919; x_wconf 97' lang='lat'><strong>—</strong></span> <span class='ocrx_word' id='word_1_128' title='bbox 600 1890 646 1929; x_wconf 91' lang='lat' dir='ltr'><strong>In</strong></span> <span class='ocrx_word' id='word_1_129' title='bbox 676 1888 835 1939; x_wconf 74' lang='lat' dir='ltr'><strong>argilla</strong></span> <span class='ocrx_word' id='word_1_130' title='bbox 862 1887 1099 1927; x_wconf 76' lang='lat' dir='ltr'><strong>londinensi</strong></span> <span class='ocrx_word' id='word_1_131' title='bbox 1129 1886 1277 1926; x_wconf 69' lang='lat' dir='ltr'><strong>insula}</strong></span> <span class='ocrx_word' id='word_1_132' title='bbox 1308 1886 1518 1939; x_wconf 73' lang='lat' dir='ltr'><strong>Shcppey.</strong></span> 
     </span>
    </p>
   </div>
   <div class='ocr_carea' id='block_1_6' title="bbox 418 2003 1622 2170">
    <p class='ocr_par' dir='ltr' id='par_1_7' title="bbox 418 2003 1622 2170">
     <span class='ocr_line' id='line_1_21' title="bbox 846 2003 1481 2068; baseline -0.005 -15"><span class='ocrx_word' id='word_1_133' title='bbox 846 2005 977 2053; x_wconf 83' lang='lat' dir='ltr'><strong>XIII.</strong></span> <span class='ocrx_word' id='word_1_134' title='bbox 1015 2006 1313 2054; x_wconf 77' lang='lat' dir='ltr'><strong>TAxomTEs</strong></span> <span class='ocrx_word' id='word_1_135' title='bbox 1356 2003 1481 2068; x_wconf 83' lang='lat' dir='ltr'><strong>Ung.</strong></span> 
     </span>
     <span class='ocr_line' id='line_1_22' title="bbox 418 2115 1622 2170; baseline -0.005 -11"><span class='ocrx_word' id='word_1_136' title='bbox 418 2120 648 2159; x_wconf 75' lang='lat' dir='ltr'><strong>&#39;Paxodites</strong></span> <span class='ocrx_word' id='word_1_137' title='bbox 681 2118 825 2170; x_wconf 65' lang='lat' dir='ltr'><strong>Ungyer</strong></span> <span class='ocrx_word' id='word_1_138' title='bbox 846 2119 894 2158; x_wconf 74' lang='lat' dir='ltr'><strong>in</strong></span> <span class='ocrx_word' id='word_1_139' title='bbox 918 2117 1048 2157; x_wconf 72' lang='lat' dir='ltr'><em>Endl.</em></span> <span class='ocrx_word' id='word_1_140' title='bbox 1077 2116 1180 2156; x_wconf 80' lang='lat' dir='ltr'><strong>Gen.</strong></span> <span class='ocrx_word' id='word_1_141' title='bbox 1206 2117 1265 2168; x_wconf 76' lang='lat' dir='ltr'><strong>pl.</strong></span> <span class='ocrx_word' id='word_1_142' title='bbox 1292 2115 1446 2168; x_wconf 76' lang='lat' dir='ltr'><strong>Suppl.</strong></span> <span class='ocrx_word' id='word_1_143' title='bbox 1473 2115 1530 2154; x_wconf 92' lang='grc' dir='ltr'><strong>ΙῙ.</strong></span> <span class='ocrx_word' id='word_1_144' title='bbox 1557 2115 1622 2156; x_wconf 84' lang='grc'><strong>25.</strong></span> 
     </span>
    </p>
   </div>
   <div class='ocr_carea' id='block_1_7' title="bbox 312 2215 2014 2365">
    <p class='ocr_par' dir='ltr' id='par_1_8' title="bbox 312 2215 2014 2365">
     <span class='ocr_line' id='line_1_23' title="bbox 379 2215 2014 2281; baseline -0.002 -12"><span class='ocrx_word' id='word_1_145' title='bbox 379 2221 519 2269; x_wconf 81' lang='lat' dir='ltr'><strong>Folia</strong></span> <span class='ocrx_word' id='word_1_146' title='bbox 541 2218 930 2268; x_wconf 83' lang='lat' dir='ltr'><strong>di—tristieha.</strong></span> <span class='ocrx_word' id='word_1_147' title='bbox 988 2217 1187 2266; x_wconf 64' lang='lat' dir='ltr'><strong>strobile·</strong></span> <span class='ocrx_word' id='word_1_148' title='bbox 1208 2232 1435 2281; x_wconf 81' lang='lat' dir='ltr'><strong>squamae</strong></span> <span class='ocrx_word' id='word_1_149' title='bbox 1456 2216 1719 2281; x_wconf 83' lang='lat' dir='ltr'><strong>quadri—</strong></span> <span class='ocrx_word' id='word_1_150' title='bbox 1733 2215 2014 2274; x_wconf 83' lang='lat' dir='ltr'><strong>octofariae‚</strong></span> 
     </span>
     <span class='ocr_line' id='line_1_24' title="bbox 312 2295 2014 2365; baseline -0.004 -14"><span class='ocrx_word' id='word_1_151' title='bbox 312 2303 441 2351; x_wconf 90' lang='lat' dir='ltr'><strong>disci</strong></span> <span class='ocrx_word' id='word_1_152' title='bbox 473 2302 631 2350; x_wconf 88' lang='lat' dir='ltr'><strong>limbo</strong></span> <span class='ocrx_word' id='word_1_153' title='bbox 670 2300 940 2365; x_wconf 81' lang='lat' dir='ltr'><strong>superiore</strong></span> <span class='ocrx_word' id='word_1_154' title='bbox 976 2299 1280 2356; x_wconf 79' lang='lat' dir='ltr'><strong>incrassato,</strong></span> <span class='ocrx_word' id='word_1_155' title='bbox 1318 2297 1490 2346; x_wconf 90' lang='lat' dir='ltr'><strong>medio</strong></span> <span class='ocrx_word' id='word_1_156' title='bbox 1518 2295 1675 2346; x_wconf 84' lang='lat' dir='ltr'><strong>crista</strong></span> <span class='ocrx_word' id='word_1_157' title='bbox 1703 2302 2014 2346; x_wconf 83' lang='lat' dir='ltr'><strong>transversa.</strong></span> 
     </span>
    </p>
   </div>
   <div class='ocr_carea' id='block_1_8' title="bbox 792 2409 1532 2461">
    <p class='ocr_par' dir='ltr' id='par_1_9' title="bbox 792 2409 1532 2461">
     <span class='ocr_line' id='line_1_25' title="bbox 792 2409 1532 2461; baseline -0.003 -11"><span class='ocrx_word' id='word_1_158' title='bbox 792 2411 821 2437; x_wconf 49' lang='grc' dir='ltr'><strong>ζ’*</strong></span> <span class='ocrx_word' id='word_1_159' title='bbox 850 2411 981 2451; x_wconf 64' lang='lat' dir='ltr'><strong>Rana·</strong></span> <span class='ocrx_word' id='word_1_160' title='bbox 1010 2409 1161 2461; x_wconf 73' lang='lat' dir='ltr'><strong>foliati</strong></span> <span class='ocrx_word' id='word_1_161' title='bbox 1195 2422 1295 2449; x_wconf 79' lang='lat' dir='ltr'><strong>omn</strong></span> <span class='ocrx_word' id='word_1_162' title='bbox 1326 2409 1532 2449; x_wconf 71' lang='lat' dir='ltr'><strong>strobilis.</strong></span> 
     </span>
    </p>
   </div>
   <div class='ocr_carea' id='block_1_9' title="bbox 393 2506 2017 3324">
    <p class='ocr_par' dir='ltr' id='par_1_10' title="bbox 393 2506 2017 3324">
     <span class='ocr_line' id='line_1_26' title="bbox 393 2506 2015 2557; baseline -0.004 -6"><span class='ocrx_word' id='word_1_163' title='bbox 393 2513 457 2552; x_wconf 81' lang='lat'><strong>36.</strong></span> <span class='ocrx_word' id='word_1_164' title='bbox 489 2512 760 2550; x_wconf 77' lang='lat' dir='ltr'><strong>&#39;PAXOfflTEs</strong></span> <span class='ocrx_word' id='word_1_165' title='bbox 796 2517 1062 2548; x_wconf 73' lang='lat' dir='ltr'><strong>EUROPAEUS</strong></span> <span class='ocrx_word' id='word_1_166' title='bbox 1105 2507 1236 2546; x_wconf 64' lang='lat' dir='ltr'><strong>Enete.</strong></span> <span class='ocrx_word' id='word_1_167' title='bbox 1294 2507 1343 2545; x_wconf 79' lang='grc' dir='ltr'><strong>Τ.</strong></span> <span class='ocrx_word' id='word_1_168' title='bbox 1375 2506 1508 2545; x_wconf 87' lang='lat' dir='ltr'><strong>ramis</strong></span> <span class='ocrx_word' id='word_1_169' title='bbox 1539 2506 1750 2557; x_wconf 78' lang='lat' dir='ltr'><strong>elongatis</strong></span> <span class='ocrx_word' id='word_1_170' title='bbox 1780 2506 2015 2557; x_wconf 81' lang='lat' dir='ltr'><strong>fastigiatis</strong></span> 
     </span>
     <span class='ocr_line' id='line_1_27' title="bbox 522 2582 2015 2639; baseline -0.002 -14"><span class='ocrx_word' id='word_1_171' title='bbox 522 2586 782 2639; x_wconf 79' lang='lat' dir='ltr'><strong>gracilibus,</strong></span> <span class='ocrx_word' id='word_1_172' title='bbox 821 2585 941 2624; x_wconf 88' lang='lat' dir='ltr'><strong>foliis</strong></span> <span class='ocrx_word' id='word_1_173' title='bbox 972 2583 1265 2624; x_wconf 84' lang='lat' dir='ltr'><strong>subtristichis</strong></span> <span class='ocrx_word' id='word_1_174' title='bbox 1295 2582 1475 2622; x_wconf 74' lang='lat' dir='ltr'><strong>alternis</strong></span> <span class='ocrx_word' id='word_1_175' title='bbox 1504 2583 1771 2623; x_wconf 82' lang='lat' dir='ltr'><strong>brevissimis</strong></span> <span class='ocrx_word' id='word_1_176' title='bbox 1807 2583 1899 2623; x_wconf 88' lang='lat' dir='ltr'><strong>basi</strong></span> <span class='ocrx_word' id='word_1_177' title='bbox 1938 2584 2015 2623; x_wconf 86' lang='lat' dir='ltr'><strong>de-</strong></span> 
     </span>
     <span class='ocr_line' id='line_1_28' title="bbox 524 2660 2016 2714; baseline -0.002 -11"><span class='ocrx_word' id='word_1_178' title='bbox 524 2662 793 2703; x_wconf 78' lang='lat' dir='ltr'><strong>currentibus</strong></span> <span class='ocrx_word' id='word_1_179' title='bbox 823 2661 941 2714; x_wconf 84' lang='lat' dir='ltr'><strong>apice</strong></span> <span class='ocrx_word' id='word_1_180' title='bbox 971 2660 1268 2712; x_wconf 65' lang='lat' dir='ltr'><strong>acutiusculis7</strong></span> <span class='ocrx_word' id='word_1_181' title='bbox 1299 2660 1495 2700; x_wconf 83' lang='lat' dir='ltr'><strong>strobilis</strong></span> <span class='ocrx_word' id='word_1_182' title='bbox 1525 2660 1796 2710; x_wconf 77' lang='lat' dir='ltr'><strong>subglobosis</strong></span> <span class='ocrx_word' id='word_1_183' title='bbox 1825 2674 1864 2699; x_wconf 88' lang='lat' dir='ltr'><strong>v.</strong></span> <span class='ocrx_word' id='word_1_184' title='bbox 1895 2660 2016 2700; x_wconf 87' lang='lat' dir='ltr'><strong>ovoi-</strong></span> 
     </span>
     <span class='ocr_line' id='line_1_29' title="bbox 524 2737 2015 2792; baseline -0.002 -12"><span class='ocrx_word' id='word_1_185' title='bbox 524 2740 634 2792; x_wconf 83' lang='lat' dir='ltr'><strong>deis,</strong></span> <span class='ocrx_word' id='word_1_186' title='bbox 678 2738 867 2789; x_wconf 79' lang='lat' dir='ltr'><strong>squamis</strong></span> <span class='ocrx_word' id='word_1_187' title='bbox 905 2738 1233 2789; x_wconf 76' lang='lat' dir='ltr'><strong>suboctofariis,</strong></span> <span class='ocrx_word' id='word_1_188' title='bbox 1272 2737 1390 2776; x_wconf 85' lang='lat' dir='ltr'><strong>disco</strong></span> <span class='ocrx_word' id='word_1_189' title='bbox 1430 2737 1556 2777; x_wconf 87' lang='lat' dir='ltr'><strong>limbo</strong></span> <span class='ocrx_word' id='word_1_190' title='bbox 1593 2737 1810 2788; x_wconf 79' lang='lat' dir='ltr'><strong>superiore</strong></span> <span class='ocrx_word' id='word_1_191' title='bbox 1840 2742 2015 2777; x_wconf 85' lang='lat' dir='ltr'><strong>arcuato</strong></span> 
     </span>
     <span class='ocr_line' id='line_1_30' title="bbox 524 2812 2016 2865; baseline -0.002 -10"><span class='ocrx_word' id='word_1_192' title='bbox 524 2816 741 2856; x_wconf 83' lang='lat' dir='ltr'><strong>crenulato</strong></span> <span class='ocrx_word' id='word_1_193' title='bbox 773 2815 909 2855; x_wconf 82' lang='lat' dir='ltr'><strong>medio</strong></span> <span class='ocrx_word' id='word_1_194' title='bbox 946 2815 1079 2853; x_wconf 74' lang='lat' dir='ltr'><strong>crista</strong></span> <span class='ocrx_word' id='word_1_195' title='bbox 1109 2819 1360 2853; x_wconf 75' lang='lat' dir='ltr'><strong>transversa</strong></span> <span class='ocrx_word' id='word_1_196' title='bbox 1389 2812 1647 2865; x_wconf 80' lang='lat' dir='ltr'><strong>prominente</strong></span> <span class='ocrx_word' id='word_1_197' title='bbox 1681 2812 1851 2865; x_wconf 80' lang='lat' dir='ltr'><strong>partito,</strong></span> <span class='ocrx_word' id='word_1_198' title='bbox 1881 2812 2016 2852; x_wconf 87' lang='lat' dir='ltr'><strong>sulcis</strong></span> 
     </span>
     <span class='ocr_line' id='line_1_31' title="bbox 529 2889 2017 2944; baseline -0.001 -13"><span class='ocrx_word' id='word_1_199' title='bbox 529 2893 788 2932; x_wconf 78' lang='lat' dir='ltr'><strong>radiantibus</strong></span> <span class='ocrx_word' id='word_1_200' title='bbox 819 2892 861 2932; x_wconf 90' lang='lat' dir='ltr'><strong>in</strong></span> <span class='ocrx_word' id='word_1_201' title='bbox 889 2898 1007 2944; x_wconf 78' lang='lat' dir='ltr'><strong>parte</strong></span> <span class='ocrx_word' id='word_1_202' title='bbox 1039 2891 1246 2943; x_wconf 86' lang='lat' dir='ltr'><strong>superiori</strong></span> <span class='ocrx_word' id='word_1_203' title='bbox 1278 2896 1436 2929; x_wconf 71' lang='lat' dir='ltr'><strong>notato.</strong></span> <span class='ocrx_word' id='word_1_204' title='bbox 1473 2889 1750 2928; x_wconf 71' lang='lat' dir='ltr'><strong>-Taxodium</strong></span> <span class='ocrx_word' id='word_1_205' title='bbox 1780 2902 2017 2942; x_wconf 78' lang='lat' dir='ltr'><strong>europaeum</strong></span> 
     </span>
     <span class='ocr_line' id='line_1_32' title="bbox 531 2964 2015 3021; baseline -0.001 -14"><span class='ocrx_word' id='word_1_206' title='bbox 531 2970 723 3021; x_wconf 68' lang='lat' dir='ltr'><strong>Broteyn.</strong></span> <span class='ocrx_word' id='word_1_207' title='bbox 745 2969 792 3007; x_wconf 78' lang='lat' dir='ltr'><strong>in</strong></span> <span class='ocrx_word' id='word_1_208' title='bbox 811 2968 964 3007; x_wconf 79' lang='lat' dir='ltr'><strong>Annul.</strong></span> <span class='ocrx_word' id='word_1_209' title='bbox 991 2980 1054 3007; x_wconf 75' lang='lat' dir='ltr'><strong>sc.</strong></span> <span class='ocrx_word' id='word_1_210' title='bbox 1077 2974 1162 3006; x_wconf 76' lang='lat' dir='ltr'><strong>nat.</strong></span> <span class='ocrx_word' id='word_1_211' title='bbox 1188 2969 1222 3007; x_wconf 82' lang='grc'><strong>1.</strong></span> <span class='ocrx_word' id='word_1_212' title='bbox 1250 2967 1350 3005; x_wconf 73' lang='lat' dir='ltr'><strong>Ser.</strong></span> <span class='ocrx_word' id='word_1_213' title='bbox 1377 2965 1519 3004; x_wconf 75' lang='lat' dir='ltr'><strong>XXX.</strong></span> <span class='ocrx_word' id='word_1_214' title='bbox 1546 2964 1632 3005; x_wconf 63' lang='lat' dir='ltr'><strong>fif).</strong></span> <span class='ocrx_word' id='word_1_215' title='bbox 1670 2966 1844 3018; x_wconf 61' lang='lat' dir='ltr'><strong>anye&#39;d.</strong></span> <span class='ocrx_word' id='word_1_216' title='bbox 1870 2967 2015 3006; x_wconf 73' lang='lat' dir='ltr'><strong>scien-</strong></span> 
     </span>
     <span class='ocr_line' id='line_1_33' title="bbox 525 3042 2017 3097; baseline -0.001 -14"><span class='ocrx_word' id='word_1_217' title='bbox 525 3044 596 3096; x_wconf 72' lang='lat' dir='ltr'><strong>tis.</strong></span> <span class='ocrx_word' id='word_1_218' title='bbox 625 3057 677 3084; x_wconf 79' lang='lat' dir='ltr'><strong>en</strong></span> <span class='ocrx_word' id='word_1_219' title='bbox 704 3045 840 3083; x_wconf 81' lang='lat' dir='ltr'><strong>More&#39;.</strong></span> <span class='ocrx_word' id='word_1_220' title='bbox 879 3044 1050 3097; x_wconf 53' lang='grc' dir='ltr'><strong>Θεαῖος).</strong></span> <span class='ocrx_word' id='word_1_221' title='bbox 1088 3044 1165 3084; x_wconf 82' lang='grc'><strong>255</strong></span> <span class='ocrx_word' id='word_1_222' title='bbox 1199 3049 1240 3081; x_wconf 79' lang='lat' dir='ltr'><strong>ct</strong></span> <span class='ocrx_word' id='word_1_223' title='bbox 1274 3042 1357 3080; x_wconf 90' lang='lat' dir='ltr'><strong>III.</strong></span> <span class='ocrx_word' id='word_1_224' title='bbox 1383 3042 1420 3083; x_wconf 88' lang='grc'><strong>2.</strong></span> <span class='ocrx_word' id='word_1_225' title='bbox 1450 3043 1539 3083; x_wconf 71' lang='grc'><strong>364.</strong></span> <span class='ocrx_word' id='word_1_226' title='bbox 1566 3049 1593 3082; x_wconf 83' lang='lat' dir='ltr'><strong>t.</strong></span> <span class='ocrx_word' id='word_1_227' title='bbox 1624 3042 1684 3083; x_wconf 86' lang='grc'><strong>12.</strong></span> <span class='ocrx_word' id='word_1_228' title='bbox 1703 3065 1753 3070; x_wconf 84' lang='lat'><strong>-—</strong></span> <span class='ocrx_word' id='word_1_229' title='bbox 1779 3044 1824 3082; x_wconf 86' lang='lat' dir='ltr'><strong>ln</strong></span> <span class='ocrx_word' id='word_1_230' title='bbox 1850 3044 2017 3082; x_wconf 86' lang='lat' dir='ltr'><strong>forma-</strong></span> 
     </span>
     <span class='ocr_line' id='line_1_34' title="bbox 524 3117 2017 3170; baseline 0 -13"><span class='ocrx_word' id='word_1_231' title='bbox 524 3121 636 3160; x_wconf 74' lang='lat' dir='ltr'><strong>tione</strong></span> <span class='ocrx_word' id='word_1_232' title='bbox 666 3119 861 3170; x_wconf 76' lang='lat' dir='ltr'><strong>lignitum</strong></span> <span class='ocrx_word' id='word_1_233' title='bbox 893 3119 1041 3158; x_wconf 69' lang='lat' dir='ltr'><strong>insulae</strong></span> <span class='ocrx_word' id='word_1_234' title='bbox 1074 3118 1300 3157; x_wconf 82' lang='lat' dir='ltr'><strong>lliodroma</strong></span> <span class='ocrx_word' id='word_1_235' title='bbox 1330 3118 1528 3169; x_wconf 79' lang='lat' dir='ltr'><strong>Graeciae,</strong></span> <span class='ocrx_word' id='word_1_236' title='bbox 1558 3125 1600 3159; x_wconf 86' lang='lat' dir='ltr'><strong>et</strong></span> <span class='ocrx_word' id='word_1_237' title='bbox 1631 3119 1671 3158; x_wconf 89' lang='lat' dir='ltr'><strong>in</strong></span> <span class='ocrx_word' id='word_1_238' title='bbox 1702 3117 1865 3158; x_wconf 88' lang='lat' dir='ltr'><strong>schisto</strong></span> <span class='ocrx_word' id='word_1_239' title='bbox 1902 3118 2017 3158; x_wconf 83' lang='lat' dir='ltr'><strong>saxi-</strong></span> 
     </span>
     <span class='ocr_line' id='line_1_35' title="bbox 522 3196 2016 3247; baseline -0.002 -10"><span class='ocrx_word' id='word_1_240' title='bbox 522 3197 720 3237; x_wconf 84' lang='lat' dir='ltr'><strong>arenacei</strong></span> <span class='ocrx_word' id='word_1_241' title='bbox 750 3197 799 3236; x_wconf 84' lang='lat' dir='ltr'><strong>ad</strong></span> <span class='ocrx_word' id='word_1_242' title='bbox 831 3197 982 3235; x_wconf 83' lang='lat' dir='ltr'><strong>Perutz</strong></span> <span class='ocrx_word' id='word_1_243' title='bbox 1014 3202 1055 3235; x_wconf 89' lang='lat' dir='ltr'><strong>et</strong></span> <span class='ocrx_word' id='word_1_244' title='bbox 1080 3196 1311 3235; x_wconf 74' lang='lat' dir='ltr'><strong>Uomotliau</strong></span> <span class='ocrx_word' id='word_1_245' title='bbox 1348 3196 1577 3247; x_wconf 68' lang='lat' dir='ltr'><strong>Roliemiae,</strong></span> <span class='ocrx_word' id='word_1_246' title='bbox 1609 3208 1684 3235; x_wconf 83' lang='lat' dir='ltr'><strong>nec</strong></span> <span class='ocrx_word' id='word_1_247' title='bbox 1715 3209 1794 3236; x_wconf 91' lang='lat' dir='ltr'><strong>non</strong></span> <span class='ocrx_word' id='word_1_248' title='bbox 1826 3196 1874 3235; x_wconf 86' lang='lat' dir='ltr'><strong>ad</strong></span> <span class='ocrx_word' id='word_1_249' title='bbox 1902 3196 2016 3235; x_wconf 87' lang='lat' dir='ltr'><strong>Arn-</strong></span> 
     </span>
     <span class='ocr_line' id='line_1_36' title="bbox 524 3273 806 3324; baseline -0.011 -11"><span class='ocrx_word' id='word_1_250' title='bbox 524 3274 610 3313; x_wconf 78' lang='lat' dir='ltr'><strong>fels</strong></span> <span class='ocrx_word' id='word_1_251' title='bbox 638 3273 806 3324; x_wconf 68' lang='lat' dir='ltr'><strong>Styriw.</strong></span> 
     </span>
    </p>
   </div>
  </div>
 </body>
</html>
