2197 3649
825 162 1237 199 cumAECYPAmS.
1809 151 1884 204 63

287 290 525 343 cupressus
543 286 760 328 thurifera
779 285 934 326 Humb.
965 286 1119 339 Bonpl.
1140 292 1183 326 et
1199 285 1348 326 Kumlt
1367 285 1475 326 Nov.
1496 297 1591 340 qen.
1614 293 1657 327 et
1674 298 1741 340 sp.
1765 288 1826 328 11.
1847 290 1884 331 3.

283 365 515 418 Juniperus
543 363 761 404 thurifera
787 362 943 416 Bonpl.
973 373 1080 402 msc.
1111 362 1159 402 in
1187 361 1315 401 Herb.
1350 361 1494 403 Wiltd.

285 441 423 482 Cedro
451 439 673 480 Meaeican.

246 552 452 602 Habitat
481 553 536 601 in
571 552 714 615 sylvis
748 550 962 608 Meoeici,
1004 566 1157 615 prope
1191 549 1337 599 Tasco
1371 559 1414 599 et
1447 549 1765 615 Tehuilotepee
1799 552 1886 601 alt.

179 641 352 693 5500¹.

336 764 510 816 „Arbor
537 764 825 818 procerrima,
862 763 1118 819 resinifera,
1155 763 1287 804 ramis
1315 763 1581 818 patentibus,
1611 764 1891 806 inferioribus

283 841 437 894 „apice
466 842 653 894 reflexis,
682 840 862 881 ramulis
891 840 1124 895 teretibus,
1153 840 1314 894 fuscis,
1344 840 1523 893 glabris,
1553 840 1710 881 densis.
1766 841 1892 882 Folia

283 919 515 972 „sessilia,
546 919 854 973 quadrifariam
884 918 1131 971 imbricata,
1162 918 1581 973 ovato-lanceolata,
1620 917 1891 958 acuminato-

286 996 578 1050 „pungentia,
609 996 827 1050 coriacea,
857 996 1033 1048 glabra,
1053 995 1125 1036 vix
1143 995 1302 1036 lineam
1323 995 1474 1048 longa3
1504 995 1547 1035 in
1566 995 1745 1036 ramulis
1766 1008 1890 1036 cras-

283 1073 436 1124 „siora
457 1078 496 1113 et
517 1073 648 1113 multo
670 1074 855 1127 majora,
886 1073 1105 1127 subulata,
1134 1073 1227 1113 basi
1248 1072 1369 1132 valde
1401 1073 1602 1127 dilatata,
1632 1073 1889 1113 fuseescen-

283 1149 395 1200 „tia
453 1149 621 1189 Galbuli
651 1150 695 1189 in
725 1149 869 1190 axillis
897 1162 1112 1189 ramorum
1141 1149 1436 1203 pedunculati,
1467 1149 1678 1204 solitarii,
1708 1149 1890 1204 globosi,

281 1226 609 1277 „magnitudine
646 1225 778 1266 Pruni
817 1225 1028 1278 spinosae,
1071 1225 1649 1278 pruinoso-glaucescentes5
1701 1226 1891 1280 squamis

281 1330 305 1353 „
317 1301 558 1356 angulatis,
587 1301 787 1354 peltatis,
816 1301 1255 1353 lignoso-suberosis,
1286 1301 1329 1341 in
1369 1307 1514 1342 centro
1552 1302 1888 1357 subumbonatis,

281 1378 590 1430 „laeviusculis.
622 1378 797 1420 Nuculae
828 1383 916 1418 tres
947 1377 1023 1428 (22)
1054 1377 1129 1418 sub
1160 1390 1319 1432 quaque
1348 1390 1545 1432 squama,
1583 1391 1741 1432 osseae,
1782 1391 1890 1418 con-

280 1469 417 1507 „vexo
437 1455 634 1506 trigonae.
683 1455 858 1496 Semina
886 1455 928 1495 in
958 1455 1186 1508 specimine
1215 1460 1363 1496 nostro
1393 1454 1661 1509 incompleta.
1703 1456 1888 1507 Lignum

282 1533 563 1585 „aedificando
593 1532 819 1574 inservit.“
874 1533 1025 1573 Kunth
1053 1533 1080 1573 I.
1113 1545 1150 1572 c.

245 1644 304 1693 Π.
341 1644 801 1694 RETINISPORA.
869 1644 1122 1694 Seminum
1147 1646 1522 1709 inteyumemam
1546 1647 1795 1696 canalibus
1817 1663 1891 1696 re-

178 1746 391 1811 siniferis
416 1747 684 1810 manifestis
699 1761 1002 1810 percursam.
1021 1773 1089 1781 —
1111 1743 1300 1810 Species
1318 1747 1583 1811 japonieae.

452 1867 499 1917 [ι.
546 1883 944 1918 CHAMAECYPARIS
983 1883 1179 1919 OBTUSA
1215 1869 1352 1919 Sieh.
1381 1876 1431 1920 et
1455 1872 1608 1920 Zucc.

245 1974 575 2040 Retinispora
648 1975 783 2024 foliis
845 1975 1085 2025 omnihus
1151 1975 1636 2042 squamaeformibus
1687 1976 1887 2027 adflatis

181 2055 625 2105 ovato—rhomheis
653 2056 847 2105 obtusis
874 2073 920 2105 v.
947 2057 1298 2117 acutiusculis,
1324 2058 1582 2107 seminum
1601 2058 1693 2107 alis
1726 2075 1887 2125 grano

179 2137 267 2188 vix
289 2137 573 2186 latioribus.

285 2242 563 2295 Retinispora
578 2242 729 2283 obtusa
746 2243 921 2283 Siebold
939 2249 981 2284 et
996 2243 1246 2285 chcarini
1265 2245 1384 2285 Flor.
1407 2245 1568 2298 Japon.
1591 2245 1651 2285 ΙΙ.
1674 2246 1736 2288 38.
1754 2251 1781 2287 t.
1797 2218 1888 2289 121.

282 2318 447 2358 Hinoki
475 2318 532 2370 (i.
554 2331 591 2359 e.
612 2318 753 2360 Arbor
780 2319 930 2370 Solis)
957 2320 1118 2373 Japon.

283 2395 378 2436 Heu
406 2395 492 2436 bak
518 2396 616 2437 Sin.

246 2495 453 2546 Habitat
490 2498 543 2546 in
583 2498 820 2547 montibus
858 2499 1043 2548 insulae
1076 2499 1301 2563 Nippon,
1356 2502 1513 2563 sylvas
1549 2502 1739 2566 amplas
1775 2518 1888 2551 cort-

181 2579 398 2627 stimans·

342 2669 517 2721 „Arbor
536 2669 728 2722 excelsa,
759 2671 932 2712 60-—80
950 2671 1076 2723 pedes
1107 2671 1215 2724 alta,
1246 2677 1396 2711 trunco
1413 2672 1566 2712 stricte
1583 2678 1739 2726 erecto,
1770 2674 1890 2714 3—5

286 2747 444 2798 „pedes
485 2758 657 2800 crasso,
689 2747 846 2787 cortice
876 2748 1066 2801 rubente,
1097 2747 1214 2798 ligno
1245 2749 1398 2799 denso,
1428 2748 1601 2801 subtili,
1632 2749 1740 2788 albo.
1798 2750 1890 2789 Ra-

285 2822 422 2876 „muli
464 2823 704 2863 secundarii
745 2824 941 2876 distichi,
985 2825 1236 2865 densissime
1276 2825 1495 2865 ramulosi.
1553 2825 1677 2865 Folia
1711 2825 1889 2879 quinque

287 2912 395 2951 „per
436 2912 568 2940 annos
609 2900 911 2954 persistentia,
953 2902 1205 2953 decussata,
1251 2902 1585 2956 quadriseriata,
1638 2916 1712 2954 per
1754 2903 1890 2942 series

288 2975 562 3028 „dmm-mia,
593 2977 735 3016 omnia
763 2978 1135 3033 squamaeformia,
1166 2978 1234 3018 axi
1263 2991 1338 3018 seu
1368 2991 1485 3018 ramo
1515 2979 1717 3031 adpressa
1736 2984 1777 3019 et
1796 2980 1888 3018 fere

290 3051 375 3099 „ad
396 3052 555 3104 apicem
577 3066 706 3107 usque
726 3055 894 3107 adnata,
923 3055 1098 3109 indeque
1120 3069 1143 3094 a
1168 3056 1323 3109 pagina
1345 3056 1550 3096 inferiore
1571 3061 1732 3096 tantum
1755 3055 1890 3095 oculis

289 3128 532 3181 „exposita3
569 3142 619 3169 ea
646 3131 881 3183 superioris
911 3137 953 3172 et
982 3132 1205 3172 inferioris
1233 3133 1360 3173 seriei
1401 3132 1756 3172 ovato-rl10111bea
1785 3143 1889 3170 acu-

290 3231 312 3253 „
326 3203 511 3244 tiuscula
528 3218 569 3244 v.
589 3207 753 3259 obtusa,
782 3208 927 3262 plana,
957 3209 1166 3249 serierum
1186 3209 1428 3261 lateralium
1451 3209 1666 3262 carinata,
1696 3209 1744 3247 ab
1765 3214 1888 3248 utro-
