2197 3649
833 186 1166 221 mnocsnnus.
1774 173 1851 223 45

153 315 305 374 ratiS,
340 312 606 363 facialihus
632 312 854 360 minimis
881 311 1042 360 ovatis
1069 309 1338 369 carinatiS,
1374 310 1597 359 strobilis
1629 315 1852 364 nutanti-

155 397 250 445 bus
288 400 438 443 ovato
478 393 740 458 oblongiS,
777 392 934 441 valvis
973 391 1184 441 alternis
1213 391 1328 456 plus
1361 392 1519 457 duplo
1555 393 1854 454 minoribuS‚

158 475 396 524 omnibus
435 474 591 523 dorso
627 472 762 522 infra
799 473 1001 538 apicem
1037 472 1185 536 spina
1223 471 1633 522 tuberculiformi
1670 473 1803 523 exili.

262 605 402 646 'l'huia
431 608 611 645 cuneata
637 603 827 655 Dombey
854 614 963 642 msc.

264 683 502 735 Cupressus
531 680 728 734 thyoides
756 680 910 719 Paeon
938 690 1045 719 msc.

262 759 403 800 'Phuia
431 757 636 798 chilensis
661 757 759 796 Don
785 757 833 796 in
859 756 1067 797 Lambert
1093 757 1198 797 Pin.
1227 757 1311 800 Ed.
1335 758 1371 799 1.
1395 757 1452 798 II.
1475 759 1537 800 19.
1559 758 1642 800 Ed.
1667 760 1705 803 2.
1726 773 1770 801 η.
1792 761 1858 804 62.

322 835 497 875 Hooker
525 836 572 875 in
599 833 782 873 London
809 833 973 873 Journ.
1007 832 1062 885 of*
1082 834 1180 874 Bot.
1210 834 1270 874 ΙΙ.
1304 835 1394 876 199.
1425 841 1454 875 t.
1483 837 1522 877 4.

263 912 404 953 'Phuia
432 912 587 952 andina
614 911 788 964 Pc'ippiy
814 910 924 950 Nov.
953 922 1051 963 qen.
1082 916 1124 951 et
1148 922 1213 964 sp.
1245 911 1327 953 ΙΙΙ.
1362 914 1425 953 17.
1457 917 1485 952 t.
1516 912 1609 955 220.

228 1031 432 1079 Habitat
461 1031 513 1078 in
542 1030 669 1079 Chilo
693 1031 920 1078 australis
954 1030 1242 1078 convallibus
1269 1030 1603 1094 sriqidioribus
1625 1030 1856 1090 Andium,

157 1128 317 1161 versus
357 1111 549 1162 Caslillo
590 1113 644 1159 de
683 1111 816 1159 Tvun
853 1110 1014 1159 Leavu
1052 1119 1092 1159 et
1130 1112 1196 1159 ad
1234 1120 1439 1160 montem
1476 1114 1770 1176 ignivomum
1807 1116 1862 1164 de

159 1191 367 1250 Antuco,
408 1209 492 1242 nec
527 1209 628 1241 non
657 1193 722 1240 ad
753 1192 959 1255 Laquna
995 1193 1050 1240 de
1082 1192 1274 1249 Rauco,
1308 1195 1575 1257 provincioe
1617 1195 1853 1245 Valdivia.

318 1324 401 1363 Pro
430 1322 595 1362 ratione
624 1320 706 1361 soli
734 1322 879 1361 frutex
906 1320 1098 1360 excelsus
1119 1321 1299 1361 'Phuiam
1323 1322 1627 1364 occidentalem
1655 1326 1865 1381 referens,

265 1413 307 1440 v,
338 1399 465 1439 arbor
492 1399 602 1439 satis
632 1398 742 1450 alta,
781 1403 931 1438 trunco
969 1398 1022 1437 ad
1058 1398 1240 1438 medium
1277 1399 1482 1439 denudato
1513 1405 1556 1440 et
1584 1414 1705 1442 coma
1731 1417 1866 1456 pyra-

266 1476 413 1516 midali
443 1476 680 1528 Cupressus
708 1475 874 1515 strictae
902 1475 1031 1515 facie.
1081 1475 1238 1515 Cortex
1258 1489 1405 1530 asper,
1434 1476 1641 1531 rimosus,
1672 1493 1720 1519 ex
1742 1481 1866 1520 cine-

263 1556 460 1592 rascente
503 1552 703 1591 bruneus.
773 1551 958 1602 Lignum
997 1551 1221 1604 flavidum,
1269 1553 1567 1608 durissimum,
1612 1555 1865 1612 resinosum,

268 1627 537 1668 suaveolens.
592 1627 719 1667 Rami
747 1628 900 1667 breves
934 1627 1092 1681 patuli,
1130 1628 1316 1681 supremi
1352 1629 1518 1684 stricti,
1559 1630 1733 1685 breves,
1769 1638 1867 1674 tor-

263 1704 402 1757 tuosi,
448 1704 493 1744 in
528 1705 717 1744 ramulos
754 1704 882 1744 divisi
919 1704 1157 1759 oppositOS,
1204 1705 1412 1758 pinnatim
1446 1707 1652 1763 partitos,
1700 1709 1867 1751 inferne

266 1781 422 1833 nudos,
450 1785 633 1833 teretes,
663 1780 824 1821 cortice
843 1780 967 1820 badio
986 1781 1191 1834 vestitos,
1221 1786 1263 1822 et
1289 1782 1565 1824 cicatricibus
1593 1786 1869 1828 annularibus

269 1863 462 1910 notatos,
492 1871 671 1911 superne
701 1857 933 1910 ancipites,
964 1857 1187 1898 imbricato
1216 1859 1412 1900 foliosos.
1461 1860 1586 1902 Folia
1613 1863 1871 1914 marginalia.

267 1935 477 1976 ramulum
498 1935 820 1989 amplectentia,
851 1935 902 1975 ad
930 1935 1113 1976 medium
1141 1949 1271 1990 usque
1300 1936 1414 1977 inter
1441 1951 1487 1977 se
1517 1944 1722 1993 connata,
1751 1940 1869 1994 apice

268 2012 410 2065 patulo
440 2012 596 2051 inflexa
621 2011 910 2064 acutiuscula,
940 2016 981 2052 et
1011 2012 1054 2052 in
1083 2016 1260 2066 utraque
1290 2013 1446 2053 ramuli
1475 2015 1590 2055 facie
1618 2016 1737 2056 sulco
1766 2031 1870 2070 pro-

270 2089 428 2142 fundo,
466 2088 758 2139 stigmatifero
789 2093 985 2142 exarata,
1024 2088 1205 2128 facialia
1232 2089 1511 2145 brevissima,
1549 2091 1722 2147 obtusa,
1752 2099 1870 2135 arete

270 2165 486 2218 adpressa.
543 2165 695 2204 Florcs
732 2164 915 2204 monoici
952 2177 992 2203 v.
1031 2165 1242 2204 interdum
1280 2170 1326 2206 ut
1366 2166 1535 2207 videtur
1567 2168 1694 2208 etiam
1724 2170 1868 2224 dioici,

270 2242 541 2292 staminigeri
585 2242 627 2281 in
674 2241 851 2282 summis
887 2241 1019 2281 ramis
1057 2242 1244 2282 ramulos
1289 2242 1440 2283 breves
1478 2245 1780 2300 terminantes,
1826 2247 1869 2287 in

270 2323 483 2358 amentum
515 2318 822 2372 cylindricum,
853 2319 955 2358 duas
986 2318 1164 2358 circiter
1182 2318 1318 2359 lineas
1336 2319 1533 2371 longum,
1562 2322 1871 2376 quinque-sex—

271 2396 423 2435 florum
470 2394 656 2435 collecti.
730 2395 1018 2435 Antherarum
1066 2395 1319 2436 connectiva
1355 2396 1440 2437 late
1478 2399 1870 2454 ovato-deltoidea,

270 2470 584 2525 cinnamomea,
613 2471 760 2511 subtus
788 2471 953 2511 loculos
983 2476 1161 2525 quatuor
1189 2474 1323 2512 flavos
1352 2473 1558 2523 gerentia.
1616 2476 1795 2518 Strobili
1824 2477 1868 2518 in

272 2548 551 2588 inferioribus
579 2548 758 2588 ramulis
787 2547 980 2588 solitarie
1010 2548 1282 2603 terminales,
1313 2549 1453 2601 ovati,
1482 2555 1703 2605 nutantes,
1731 2553 1872 2595 valvis

271 2624 503 2679 coriaceis,
534 2625 720 2677 obtusis,
750 2625 930 2665 alternis
959 2625 1080 2678 duplo
1110 2624 1368 2678 minoribus,
1399 2626 1589 2667 omnibus
1610 2628 1734 2668 dorso
1755 2629 1873 2670 infra

268 2702 431 2753 apicem
468 2702 590 2754 spina
629 2700 969 2742 tuberculiformi
1010 2702 1131 2741 brevi
1168 2701 1357 2742 munitis.
1431 2702 1604 2743 Semina
1640 2705 1691 2743 ad
1730 2704 1865 2745 basim

270 2777 585 2832 squamularum
613 2779 820 2827 majorum
848 2777 1019 2828 gemina
1045 2790 1086 2816 v.
1111 2777 1262 2818 abortu
1289 2777 1509 2830 solitaria,
1539 2778 1637 2819 hinc
1658 2781 1871 2821 membra-

272 2867 402 2895 naceo
419 2854 674 2908 marginata,
696 2854 815 2894 illinc
836 2866 1004 2894 sursum
1025 2854 1068 2894 in
1089 2853 1199 2895 alam
1221 2854 1428 2911 obtusam,
1448 2855 1618 2896 valvam
1639 2862 1870 2911 aequantem

273 2931 490 2982 producta.
546 2930 693 2972 Valvae
722 2930 908 2972 minores
937 2929 1124 2971 steriles.
