2197 3649
250 153 366 203 258
970 165 1224 199 EPHEDRA.
1247 211 1251 214 ι

319 291 526 341 Habitat
557 308 644 356 per
681 300 829 357 totam
870 293 1110 355 regionem
1151 293 1552 342 mediterraneam
1590 302 1632 342 et
1668 295 1720 342 in
1744 293 1947 352 Tauria,

253 374 314 422 B.
341 375 395 422 iu
422 372 632 424 Caucaso
671 383 712 421 et
747 374 811 421 ad
834 389 967 421 mare
995 372 1246 437 Caspium,
1293 373 1343 424 C.
1366 375 1419 422 iu
1443 374 1591 423 Italia
1608 414 1620 431 ‚
1661 376 1716 423 in
1739 375 1954 424 arenosis

254 456 543 519 Huuqarioe,
585 458 638 504 in
667 455 849 504 Tauria
869 494 881 511 ‚
928 454 1140 504 Caucaso
1172 463 1214 504 et
1234 471 1324 520 per
1359 472 1547 505 omnem
1569 454 1738 505 Asiam
1762 456 1951 504 sibirico

250 539 495 586 altaicam.

429 653 476 698 7.
530 651 782 698 EPHEDRA
818 664 1138 698 BOTRYomEs
1174 649 1344 697 Fisch.
1385 656 1435 698 et
1469 648 1522 697 C.
1548 650 1606 697 A.
1633 651 1767 715 Moy.

318 748 638 814 Thraupalos
675 750 831 797 ramis
869 748 1236 813 patentissimis
1268 764 1315 796 v.
1348 747 1560 796 deflexis
1600 747 1950 796 tuberculato-

248 832 469 890 scabriS,
505 830 704 896 vaginis
729 829 982 878 tubulosis
1008 829 1316 887 bidentatis,
1355 829 1572 877 amentis
1606 828 1951 894 staminigeris

246 917 299 963 in
322 912 620 979 pedunculo
645 911 845 960 laterali
871 911 1142 960 articulato
1167 918 1441 962 recurvato
1468 913 1750 962 racemosis
1770 912 1951 961 oblon-

248 995 340 1062 gis,
376 994 604 1043 antheris
631 993 995 1059 subquaternis
1022 992 1303 1041 sessilibus.

352 1106 551 1158 Ephedra
577 1104 824 1157 botryoides
855 1103 899 1143 Ο.
926 1103 974 1142 Α.
1002 1103 1152 1156 Meyer
1181 1103 1374 1155 Ephedr.
1401 1104 1466 1144 99.
1492 1110 1520 1144 t.
1546 1105 1586 1145 8.
1610 1102 1646 1154 Γ.
1677 1104 1738 1145 12.

313 1208 488 1256 Patria
511 1207 693 1269 iqnota.

585 1318 633 1366 8.
687 1317 939 1365 EPHEDRA
975 1330 1267 1364 HELVETmA
1311 1314 1364 1363 C.
1390 1316 1447 1363 A.
1473 1316 1608 1380 Mey.

315 1417 639 1482 Thraupalos
666 1416 917 1464 fruticosa
940 1415 1098 1464 ramis
1124 1416 1297 1473 rectis,
1335 1415 1553 1464 amentis
1589 1416 1653 1463 ad
1685 1431 1948 1464 ramorum

246 1500 490 1549 articulos
516 1497 893 1563 pedunculatiS‚
918 1495 1216 1560 pedunculo
1241 1496 1548 1560 plerumque
1572 1495 1832 1554 continuo,
1860 1511 1948 1544 an-

243 1580 405 1630 theris
431 1577 731 1628 suboctonis
759 1576 942 1625 mediis
969 1575 1224 1640 stipitatis‚
1252 1575 1443 1624 amenti
1465 1575 1808 1640 gemmuliferi
1829 1577 1948 1624 sub-

247 1660 446 1726 globosi
484 1658 642 1708 erecti
678 1657 875 1722 vaginis
913 1657 1080 1704 tribus
1118 1656 1488 1721 immarginatis
1523 1656 1719 1715 bifidis,
1755 1657 1946 1706 intimae

246 1740 460 1789 nuculas
488 1740 763 1787 subovatas
792 1737 1042 1801 aequantis
1069 1737 1193 1784 tubo
1219 1737 1435 1794 incluso,
1474 1737 1786 1802 micropyles
1824 1739 1946 1787 tubo

247 1822 486 1887 elongato
513 1826 647 1870 torto
673 1819 887 1867 limbum
912 1818 1182 1883 ligulatum
1211 1818 1367 1882 duplo
1394 1824 1689 1881 superante.

351 1919 550 1971 Ephedra
579 1918 730 1956 Haller
754 1917 868 1955 His-t.
894 1917 1021 1968 stirp.
1049 1916 1172 1954 Helu.
1197 1915 1257 1953 II.
1284 1915 1374 1955 323.
1407 1915 1520 1954 eoecl.
1547 1926 1642 1967 syn.

350 1996 552 2048 Ephedra
580 1994 805 2045 distachya
832 1993 1004 2031 G'amlin
1027 1993 1149 2030 Flor.
1187 1992 1296 2030 helv.
1328 1991 1395 2030 VI.
1435 1992 1524 2032 304.
1565 1992 1681 2030 eoecl.
1707 2002 1861 2044 synon.
1883 1993 1945 2045 pl.

402 2071 525 2110 Koch
547 2070 735 2122 Synops.
765 2070 853 2109 764.
911 2069 1023 2107 Nees
1049 2068 1152 2106 Gen.
1176 2068 1237 2119 pl.
1265 2068 1386 2106 Flor.
1415 2066 1558 2106 Germ.
1585 2067 1619 2105 I.
1645 2068 1685 2108 8.
1708 2081 1752 2120 p.
1775 2082 1819 2120 p.

347 2147 546 2199 Ephedra
573 2145 789 2185 helvetica
817 2144 862 2185 Ο.
889 2144 939 2184 Α.
967 2145 1118 2196 Meyer
1146 2144 1340 2196 Ephedr.
1366 2145 1431 2184 87.
1460 2149 1487 2183 t.
1513 2145 1551 2184 8.
1577 2142 1613 2194 f.
1644 2145 1706 2184 10.

312 2248 516 2296 Habitat
552 2248 605 2295 in
642 2246 887 2301 Helvetia,
940 2247 991 2293 iu
1036 2245 1265 2300 Vallesia,
1309 2243 1495 2297 Seduni
1538 2244 1603 2291 ad
1647 2260 1787 2309 rupes
1819 2245 1946 2293 arcis

250 2330 292 2376 T
288 2331 494 2378 urbillon
525 2338 568 2377 et
600 2330 729 2376 circa
765 2328 934 2389 Fouly,
974 2327 1098 2375 Pont
1122 2328 1176 2374 cle
1201 2329 1249 2374 la
1274 2326 1441 2389 IlIorqe
1467 2335 1506 2374 et
1532 2326 1738 2374 Saillou.

404 2461 451 2507 9.
503 2461 755 2507 EPHEDRA
792 2473 1109 2506 INTERMEDIA
1145 2457 1378 2505 Schrenk
1413 2463 1462 2505 et
1489 2456 1541 2505 C.
1567 2457 1624 2504 A.
1651 2457 1785 2522 Mey.

332 2558 652 2622 Thraupalos
712 2559 1082 2605 suffrutescens
1142 2555 1297 2604 ramis
1357 2555 1510 2604 rectis
1573 2555 1910 2605 tuberculatis
1931 2594 1943 2614 ‚

247 2640 463 2689 amentis
508 2640 572 2687 ad
614 2654 878 2686 ramorum
921 2636 1165 2684 articulos
1208 2635 1594 2700 pedunculatis‚
1644 2636 1942 2700 pedunculo

244 2721 390 2770 brevi
430 2719 698 2776 continuo,
750 2717 981 2766 authoris
1010 2753 1179 2764 .....
1220 2716 1408 2764 amenti
1443 2715 1787 2781 gemmuliferi
1823 2716 1943 2764 sub-

248 2801 407 2850 erecti
430 2799 624 2865 vaginis
663 2799 824 2847 tribus
862 2797 1285 2861 submarginatis‚
1320 2796 1511 2844 intimae
1546 2795 1760 2843 nuculas
1786 2796 1942 2843 subo-

245 2887 385 2929 vatas
412 2880 703 2944 superantis
728 2878 987 2943 profunde
1013 2878 1182 2926 hifidae
1210 2878 1332 2925 tubo
1359 2876 1582 2933 incluso,
1629 2875 1941 2941 micropyles

245 2963 370 3011 tubo
399 2962 638 3025 elongato
665 2966 799 3008 torto
825 2959 1038 3006 limbum
1063 2958 1333 3022 ligulatum
1360 2956 1620 3004 multoties
1646 2963 1940 3021 superante.

350 3073 546 3124 Ephedra
575 3069 823 3110 intermedia
850 3069 1053 3108 Scin-enh·
1076 3075 1118 3107 et
1139 3067 1182 3107 C.
1209 3066 1257 3106 A.
1285 3067 1432 3119 Meyer
1456 3067 1649 3119 Eplzedr.
1674 3069 1739 3109 88.

316 3164 523 3212 Habitat
551 3164 604 3210 iu
630 3163 820 3209 collibus
847 3159 1104 3223 Sonqarice
1127 3176 1284 3207 versus
1308 3169 1509 3208 montem
1539 3159 1582 3207 T
1576 3161 1852 3222 arbaqatai.
