2197 3649
331 222 407 272 96
1104 233 1265 268 AmEs.

436 359 566 400 Abies
596 360 798 401 taxifolia
824 358 1024 410 Desfont.
1057 358 1148 399 cat.
1180 358 1305 399 Hort.
1336 359 1486 400 Paris.
1517 362 1582 401 ed.
1613 362 1650 402 3.
1677 376 1722 414 p.
1754 363 1844 403 356.

435 436 565 477 Abies
592 436 810 490 pectinata
836 433 928 475 Do.
962 435 1082 474 Πίον.
1118 433 1182 486 fr.
1214 434 1274 474 ΙΙ.
1295 434 1386 477 275.
1444 435 1640 477 Richard
1661 435 1807 488 Conif.
1834 437 1897 478 73.
1919 441 1947 476 t.
1973 437 2035 478 16.

486 512 523 564 f.
553 514 594 556 2.
650 513 793 553 Pinet.
827 511 1029 552 Woburn.
1064 512 1152 554 165.
1184 511 1303 552 Link
1331 514 1378 553 in
1406 512 1591 554 Linnoea
1620 513 1713 554 XV.
1745 514 1836 555 526.
1878 514 2037 567 Hartiq

490 588 794 642 Forstpslanz.
816 588 881 630 26.
905 594 932 628 t.
958 589 996 631 2.
1027 589 1217 630 Soliouw
1237 590 1285 630 in
1305 590 1460 631 Annal.
1483 602 1545 631 sc.
1563 597 1649 632 nat.
1666 593 1704 633 3.
1725 591 1825 632 Ser.
1840 590 1922 630 ΙΙΙ.
1943 590 2033 632 239.

438 666 567 707 Abies
606 665 798 717 vulgaris
840 666 994 706 Poiret
1034 666 1187 720 Suppl.
1228 667 1294 708 Vl.
1340 669 1430 710 514.
1489 669 1637 721 Spach
1679 668 1791 709 Hist.
1823 674 1909 708 nat.
1939 679 2033 721 veq.

484 744 667 796 phaner.
697 742 777 782 XI.
807 744 897 784 415.

440 819 569 860 Abies
597 820 727 860 Picea
754 819 942 873 Lindley
970 820 1017 860 in
1046 821 1202 873 Penny
1235 820 1408 874 C'yclop.
1440 833 1481 861 n.
1516 823 1550 861 1.

437 896 568 937 Abies
596 897 764 937 excelsa
791 896 911 937 Link
941 898 989 937 in
1014 897 1221 938 Abhandl.
1245 898 1324 938 der
1343 898 1463 937 Berl.
1488 897 1694 938 Aleaclem.
1727 898 1841 940 1827.
1878 912 1920 950 p.
1945 897 2033 939 182.

437 973 568 1014 Abies
598 973 829 1014 candicans
858 973 1046 1013 Fischer
1074 985 1180 1014 mse.

437 1049 567 1090 Picea
594 1049 811 1102 pectinata
837 1048 1022 1089 London
1052 1049 1246 1090 Arbor-et.
1280 1049 1354 1088 IV.
1385 1048 1502 1090 2329.
1532 1047 1568 1099 f.
1600 1048 1703 1090 2237
1723 1049 1909 1097 -2239,

429 1114 639 1176 Ἐλατα,
677 1113 891 1177 ἔλατος,
929 1128 1070 1168 Graec.
1101 1129 1252 1181 Abeto,
1273 1129 1371 1168 Ital.
1404 1127 1551 1181 Sapin,
1574 1126 1683 1166 Gall.
1715 1129 1875 1180 Tanne,
1899 1127 2034 1168 Ede!-

489 1212 638 1261 tmme,
669 1206 963 1258 Silhertmme,
995 1207 1163 1257 Tenue,
1193 1206 1337 1246 Germ.
1378 1205 1670 1258 Lutzfennyii,
1701 1204 1847 1258 Hunq.
1887 1203 2033 1256 Gesila,

488 1283 610 1323 Slav.

440 1361 563 1400 Varr.
595 1359 705 1398 hort.
735 1358 787 1422 ῥ’
819 1363 1007 1412 tortusa,
1044 1357 1172 1409 foliis
1200 1360 1412 1399 tortuosis
1441 1360 1675 1399 intricatis.
1741 1358 1869 1398 Picea
1895 1355 2034 1409 pecti-

491 1440 589 1475 nata
609 1439 804 1475 tortuosa
823 1435 973 1474 Booth.
996 1434 1179 1474 Loudon
1198 1435 1392 1476 Arborei.
1422 1437 1536 1475 Brit.
1559 1435 1584 1474 I
1591 1435 1634 1475 V.
1655 1435 1772 1476 2330.
1795 1457 1844 1462 -
1878 1449 1925 1499 y,
1953 1445 2032 1471 va-

491 1512 683 1567 riegata,
712 1511 840 1563 foliis
868 1512 1111 1565 irare'eyatis
1139 1511 1323 1552 Louclon
1352 1513 1380 1552 Ι.
1411 1525 1446 1552 0.
1478 1535 1528 1540 -
1558 1507 1605 1561 ὃ,
1636 1513 1833 1563 cinerea,
1872 1509 2033 1550 cortice

491 1589 803 1629 cinei-asserite.
859 1589 990 1628 Pinus
1018 1589 1140 1641 picea
1167 1588 1337 1629 cinerea
1364 1590 1520 1629 Baum.
1553 1589 1643 1629 Cat.
1676 1587 1790 1629 1835.

402 1693 458 1741 Β.
493 1692 796 1750 APOLLINIS,
833 1691 967 1741 foliis
993 1692 1379 1757 bipollicaribus
1406 1693 1552 1758 apice
1577 1691 1789 1757 integris
1808 1687 2034 1738 breviter

334 1772 668 1824 mucronatis.

439 1884 568 1925 Abies
596 1882 808 1936 Apollinis
836 1882 955 1923 Link
983 1884 1030 1923 in
1057 1883 1243 1924 Linncea
1272 1884 1365 1924 XV.
1398 1884 1486 1925 528.

440 1961 570 2000 Pinus
599 1959 811 2012 Apollinis
839 1959 1022 1999 Antoine
1053 1959 1199 2011 Conif'.
1232 1961 1294 2001 73.

436 2037 567 2078 Pinus
596 2036 818 2077 orientalis
847 2037 1129 2090 Friwalclsky
1156 2037 1282 2077 Herb.
1315 2038 1483 2077 Rumel.

405 2137 457 2187 C.
494 2151 811 2194 LEIOCLADA,
850 2137 1002 2185 ramis
1030 2137 1346 2202 famulisque
1374 2137 1712 2202 glaberrimis.

438 2236 569 2276 Pinus
596 2234 806 2274 leioclada
833 2235 993 2274 steven
1020 2235 1067 2274 in
1096 2235 1253 2275 Bullet.
1283 2246 1371 2275 soe.
1402 2241 1490 2274 nat.
1521 2234 1655 2288 Mosq.
1689 2234 1803 2275 1838.
1831 2246 1874 2285 p.
1905 2232 1969 2272 44.

401 2347 606 2396 Habitat
641 2347 693 2394 in
733 2347 969 2394 montibus
1004 2345 1217 2410 Europae
1263 2347 1432 2394 medice
1467 2355 1508 2394 et
1538 2346 1790 2400 australis,
1832 2360 1863 2392 a
1888 2343 2035 2404 Pyre-

333 2430 453 2479 noeis
489 2428 751 2476 borealibus
792 2428 857 2475 acl
895 2427 1179 2477 Caucasum.
1253 2428 1313 2475 In
1338 2428 1580 2489 Pyrenoeis
1612 2426 1876 2473 borealibus
1910 2438 2032 2472 rara

336 2507 442 2575 (nec
466 2510 520 2557 in
543 2506 832 2572 Hispania),
872 2512 1092 2573 frequens
1116 2511 1169 2556 in
1191 2505 1403 2571 Alpibus,
1445 2509 1499 2555 in
1522 2516 1719 2569 utroque
1748 2506 1913 2554 declivi
1937 2506 2032 2567 syl-

333 2607 418 2641 vas
441 2593 697 2655 efformans
719 2591 843 2637 inter
874 2587 1034 2637 2000¹
1057 2616 1122 2622 —
1141 2587 1301 2637 4000¹
1339 2590 1640 2636 elevationem
1657 2627 1668 2643 ,
1710 2588 1949 2636 interdum
1967 2585 2033 2633 ad

338 2667 495 2720 1000¹
534 2671 839 2718 elevationem
872 2670 1174 2725 descendens,
1215 2670 1380 2717 rarius
1417 2667 1576 2717 &500¹
1616 2670 1918 2718 altitudinem
1953 2683 2032 2714 su-

335 2753 654 2818 perqredzbns,
706 2753 816 2800 inde
853 2767 943 2816 per
984 2759 1133 2798 totum
1175 2748 1537 2814 Apenninorum
1570 2752 1742 2814 juqum
1784 2749 2025 2802 excurrit,

335 2835 407 2882 ita
431 2842 482 2881 ut
504 2834 559 2881 in
574 2841 716 2896 parte
741 2834 919 2881 boreali
943 2833 1182 2895 reqionem
1206 2833 1329 2880 inter
1358 2833 1487 2880 1000
1505 2831 1516 2853 ¹
1551 2841 1592 2880 et
1617 2830 1775 2879 &200¹
1814 2830 2031 2879 elevatio-

336 2931 445 2963 nem
467 2915 610 2961 sitam
647 2922 861 2978 occupet,
911 2922 1127 2961 austrum
1158 2929 1316 2961 versus
1344 2914 1469 2961 inter
1504 2913 1636 2960 2000
1656 2939 1721 2947 -
1744 2911 1904 2960 5500¹
1943 2912 2032 2958 ha-

338 2997 474 3052 bitet3
512 2995 892 3043 Mado-ninorum
929 2993 1110 3042 Siciliae
1147 2995 1291 3042 dubia
1336 2994 1466 3041 civis.
1542 2992 1616 3042 Cis
1649 2995 1776 3057 alpes
1811 2994 1863 3040 in
1898 2993 2032 3055 sylva

337 3078 482 3140 niqra
513 3073 645 3138 (elev.
675 3073 858 3136 3000‘)
893 3077 1146 3139 yreqaria‚
1202 3092 1284 3123 nec
1315 3077 1445 3123 ultra
1480 3075 1546 3122 50
1565 3071 1584 3104 0
1613 3074 1670 3122 L.
1705 3075 1767 3123 B.
1798 3074 1893 3122 nisi
1922 3074 2032 3121 hinc

339 3159 451 3208 inde
470 3159 612 3212 culta,
647 3158 814 3220 paullo
841 3158 894 3205 in
920 3155 1109 3205 Sudetis
1132 3157 1443 3220 frequentior,
1485 3172 1567 3204 nec
1592 3158 1684 3204 late
1705 3157 1758 3204 in
1781 3155 2032 3220 planitiem

341 3239 656 3289 sarmaticam
683 3247 928 3300 evaqatur.
1010 3238 1070 3286 In
1103 3239 1245 3299 sylvis
1275 3239 1586 3301 planitierum
1623 3239 1882 3286 australem
1913 3234 2031 3286 Car-
