2197 3649
928 209 1149 244 GNETUM.
1761 196 1836 245 25
1847 196 1873 244 1

277 336 388 386 „lum
413 335 591 385 nudum,
626 335 836 381 erectum,
862 338 1056 383 ovatum,
1086 330 1203 382 apice
1227 329 1271 369 in
1288 327 1526 378 junioribus
1554 327 1637 367 late
1666 332 1871 381 apertum,

275 410 512 462 „foramine
541 408 584 449 in
612 407 891 448 adultioribus
920 411 1152 458 contracto,
1181 406 1254 447 vix
1279 404 1497 457 distincto,
1528 402 1769 443 membrana
1794 417 1871 444 ex-

277 491 424 537 „terna
452 483 626 537 (testa,
664 482 847 536 primina
874 481 1036 534 Mirb.]
1067 483 1232 523 interna
1260 480 1465 532 crassior,
1505 479 1656 532 fusca,
1695 478 1869 531 striata,

275 561 469 612 „interna
496 558 756 612 (secundina
783 555 940 611 Mirb.)
970 558 1247 611 tenuissima,
1279 556 1426 597 deinde
1457 554 1648 596 crassior
1676 554 1874 606 evadens,

276 648 481 688 „superne
511 635 555 675 in
585 635 692 675 collo
723 634 977 687 constricta,
1008 646 1080 675 ore
1110 637 1280 687 aperto,
1319 631 1492 683 intima,
1531 644 1606 671 seu
1634 629 1876 671 membrana

275 711 440 762 „nuclei
479 709 663 763 (tei-tina
698 710 842 761 Mirb.)
880 709 973 750 basi
1012 709 1164 750 nucleo
1207 709 1385 761 adnata,
1427 720 1605 760 superne
1644 706 1872 760 producta,

276 787 345 838 „in
375 787 513 828 ovulis
542 786 680 838 magis
709 786 889 827 evolutis
919 786 971 825 ad
998 784 1190 826 anthesin
1220 784 1356 837 aptis,
1397 783 1440 823 in
1478 782 1620 823 tubulo
1658 780 1873 835 filiformi,

277 863 427 914 „longe
453 869 636 915 exserte,
665 861 926 917 styliformi,
957 874 1027 902 ore
1055 861 1127 901 bi-
1156 873 1230 901 seu
1258 859 1500 899 tridentato.
1531 858 1719 898 Nucleus
1743 870 1874 909 spon-

278 939 467 993 „giosus,
498 938 683 978 mamillo
715 937 863 979 conico
894 937 1059 978 incluso
1088 939 1330 988 superatus,
1368 934 1514 975 deinde
1545 932 1614 986 (in
1644 933 1874 973 seminibus

277 1012 606 1067 „imperfectis)
641 1013 778 1056 medio
816 1016 1070 1066 excavatus,
1109 1010 1433 1064 embryonisque
1469 1009 1777 1062 rudimentum,
1820 1008 1871 1047 ad

276 1090 461 1143 „apicem
491 1089 690 1131 cavitatis
720 1102 993 1144 suspensum,
1024 1086 1291 1130 includens.“
1347 1087 1623 1140 Bronyniart
1647 1087 1675 1125 l.
1703 1098 1740 1125 c.

584 1210 630 1258 2.
686 1208 903 1257 GNETUM
939 1221 1250 1256 LATIFoLum
1286 1205 1451 1255 Blum.

239 1320 475 1370 Gnemon
510 1320 645 1369 foliis
684 1319 916 1369 ovalibus
954 1319 1115 1368 acutis
1151 1335 1198 1366 v.
1226 1318 1423 1367 obtusis
1461 1317 1573 1366 basi
1599 1317 1873 1366 subrotun-

172 1398 330 1458 datis,
368 1400 588 1449 amentis
615 1399 794 1449 dioicis
826 1398 1237 1456 subracemosis,
1274 1398 1453 1462 drupis
1478 1397 1705 1447 breviter
1727 1396 1874 1461 pedi-

173 1479 368 1530 cellatis
397 1479 712 1545 ellipsoideis
740 1479 953 1538 obtusis·

277 1576 459 1618 Gnetum
487 1576 718 1617 latifolium
746 1576 902 1617 Blume
930 1575 1039 1616 Nov.
1070 1573 1178 1626 fam.
1206 1575 1269 1617 30.

276 1651 486 1694 Kasunka
511 1653 674 1694 Javan.

237 1750 444 1801 Habitat
480 1753 532 1801 in
560 1752 698 1801 Javoe
734 1753 988 1807 montibus,
1030 1753 1273 1816 imprimis
1310 1751 1553 1807 calcareiS,
1593 1765 1676 1800 nec
1700 1752 1874 1799 nonin

171 1832 309 1884 Nova
345 1832 556 1884 Guinea.

329 1945 394 1996 „A
415 1944 548 1985 Gneto
571 1944 760 1984 Gnemon
783 1945 833 1984 L.
855 1943 962 1984 satis
984 1944 1128 1984 differt
1147 1943 1266 1984 foliis
1285 1943 1532 1997 latioribus,
1561 1942 1700 1982 minus
1720 1941 1873 1993 acutis,

275 2021 354 2074 „ad
390 2021 524 2061 basim
565 2033 724 2075 quoque
760 2020 899 2061 minus
937 2021 1193 2073 attenuatis,
1231 2031 1281 2061 ac
1319 2019 1498 2060 amentis
1541 2018 1872 2067 unisexualibus,

277 2096 430 2149 „vulgo
469 2097 513 2137 in
551 2109 764 2138 racemum
802 2097 1036 2150 dispositis.
1094 2097 1216 2137 Illius
1254 2096 1410 2150 speciei
1446 2096 1552 2136 folia
1589 2094 1872 2136 exsiccatione

276 2185 470 2225 „semper
496 2172 537 2213 in
569 2173 754 2214 colorem
782 2173 934 2227 pallide
963 2172 1288 2214 luteo-viridem
1316 2176 1556 2224 vertuntur,
1586 2172 1692 2224 quod
1723 2172 1873 2213 crebra

279 2250 557 2299 „confirmant
586 2250 797 2302 exempla,
829 2249 1015 2304 quaedam
1044 2261 1094 2288 ex
1121 2247 1316 2289 herbario
1345 2247 1595 2300 Burmanni3
1634 2246 1759 2287 Gneti
1789 2235 1870 2287 au-

278 2330 387 2377 „tem
422 2325 597 2366 latifolii
635 2326 800 2366 etiamsi
840 2325 1005 2366 summa
1031 2324 1254 2378 prudentia
1281 2323 1467 2378 siccata,
1506 2335 1671 2376 semper
1698 2323 1872 2373 nigres-

275 2404 423 2454 „cunt,
460 2400 501 2440 id
529 2401 636 2454 quod
664 2401 789 2441 etiam
819 2401 897 2441 Gn.
929 2400 1182 2451 funiculari,
1222 2405 1263 2441 et
1305 2400 1458 2440 minori
1487 2400 1621 2451 gradu
1651 2400 1729 2441 Gn.
1761 2399 1870 2440 eduli

275 2476 501 2531 „accidit.“
556 2477 702 2517 Blum.
731 2479 759 2517 l.
787 2490 823 2517 c.

272 2625 460 2676 SEc'rlo
496 2627 554 2676 ΙΙ.
629 2627 824 2676 ΤΗΟΑ.
901 2627 1061 2678 Caulis
1096 2629 1378 2692 frudeosus,
1420 2636 1758 2677 sarmentosus.

661 2758 708 2806 3.
757 2758 974 2807 GNETUM
1010 2773 1177 2807 EDULE
1215 2757 1380 2807 Blum.

245 2869 389 2920 Thoa
423 2870 557 2920 foliis
596 2870 1087 2936 oblongo-ellipticis
1134 2870 1512 2936 subcuspidatis
1547 2871 1658 2919 basi
1694 2877 1870 2920 rotun-

177 2948 306 2998 datis
338 2966 383 2997 v.
414 2951 772 3010 acutiusculiS,
811 2951 1028 3000 amentis
1057 2951 1236 3000 dioicis
1264 2950 1502 3000 solitariis
1541 2956 1629 3000 aut
1651 2951 1870 3000 fascicu-

174 3028 276 3077 lato
304 3029 573 3090 confertiS‚
610 3032 787 3097 drupis
814 3032 1040 3082 breviter
1066 3031 1386 3097 pedicellatis
1426 3031 1740 3096 ellipsoideis
1780 3031 1870 3079 ob-

176 3108 318 3158 tusiS.

280 3205 360 3246 Ula
387 3206 556 3246 Rheede
582 3207 705 3247 Hor-t.
733 3209 887 3249 Malab.
920 3210 1009 3249 VII.
1038 3210 1101 3250 41.
1129 3216 1156 3249 t·
1182 3210 1246 3251 22.
