2197 3649
257 201 366 253 104
1022 211 1183 245 ARIES.

360 337 437 376 lari
470 337 644 376 dilatata
673 336 855 389 inserta,
888 347 1015 386 supra
1046 334 1178 373 basim
1209 337 1446 387 attenuata,
1487 346 1614 386 supra
1643 334 1712 374 vix
1744 334 1962 374 canalicu-

358 414 466 468 lata,
498 413 647 453 subtus
678 417 828 464 przeter
859 411 1042 450 carinum
1075 415 1115 450 et
1143 410 1358 460 margines
1389 410 1669 465 eandimnfia,
1701 411 1819 463 apice
1841 410 1961 451 vario

360 490 402 530 in
432 490 576 530 eodem
605 488 766 528 ramulo
798 488 840 528 in
869 487 967 527 aliis
999 487 1147 526 obtuso
1177 500 1216 527 v.
1249 492 1390 528 retuso
1421 493 1491 527 aut
1519 488 1644 528 etiam
1674 487 1963 538 emarginato—

358 567 650 619 bicuspidato,
689 565 731 605 in
767 565 865 604 aliis
902 565 1182 604 acutiusculo.
1251 565 1430 605 Amenta
1458 565 1722 605 staminifera
1743 566 1864 614 juxta
1892 564 1962 604 in-

359 646 491 684 feram
521 643 777 682 ramulorum
806 642 960 682 faciem
991 648 1031 683 et
1059 643 1284 682 eorundem
1313 643 1447 682 latera
1477 644 1603 682 dense
1635 643 1840 694 conferta,
1885 654 1961 681 so-

360 720 498 760 litarie
528 719 745 773 axillaria,
776 718 1213 768 subgloboso—ovata
1241 717 1360 758 foliis
1391 717 1610 771 breviora,
1649 717 1743 758 basi
1773 717 1961 770 squamis

359 795 706 849 membranaceis,
728 797 845 849 rufis,
871 795 1144 835 interioribus
1166 795 1400 844 majoribus
1421 795 1611 844 margine
1631 793 1962 834 lacero-ciliatis

358 871 561 924 perulata.
592 872 874 912 Antherarum
896 872 1025 911 crista
1045 873 1245 924 depresso
1260 876 1510 925 pentagona,
1530 884 1750 923 purpurea.
1783 872 1963 911 Amenta

358 948 618 1000 pistilligera
646 949 689 988 in
718 948 850 988 ramis
880 961 1055 1002 sparsa,
1095 961 1144 987 ex
1182 961 1366 999 superna
1401 948 1625 987 eorundem
1661 948 1774 987 facie
1813 960 1963 987 assur—

360 1024 517 1078 gentia,
543 1024 734 1076 stipitulo
756 1024 875 1063 brevi
899 1024 1188 1063 crassiusculo
1212 1023 1449 1075 cylindrico
1470 1023 1592 1078 fulta,
1620 1023 1800 1073 oblongo
1823 1027 1963 1091 ovata,

359 1100 454 1141 basi
489 1101 678 1153 squamis
715 1100 907 1140 rufidulis
937 1099 1365 1140 villoso—fimbriatis
1394 1099 1485 1139 laxe
1514 1100 1719 1151 pei-ulata.
1775 1101 1964 1140 Bracteae

362 1177 770 1218 submembranaceae
793 1177 1055 1230 orbiculatae,
1085 1177 1292 1228 abruptim
1313 1176 1506 1215 subulato
1528 1177 1792 1231 acuminatae,
1814 1189 1966 1217 eroso-

362 1255 653 1309 denficulatae,
696 1254 847 1294 citrino
877 1254 1013 1293 luteae.
1084 1255 1276 1306 Squamae
1306 1254 1609 1303 gemmuliferae
1638 1254 1825 1294 bracteis
1854 1254 1966 1293 mul-

364 1331 493 1371 toties
522 1331 725 1385 minores,
756 1331 1107 1385 subreniformes,
1137 1330 1422 1370 minutissime
1454 1330 1633 1383 ciliatae,
1676 1330 1964 1370 crassiuscule

365 1419 579 1461 carnosae,
620 1407 1116 1459 sanguineo-purpureae.
1176 1407 1354 1446 Strobili
1386 1407 1858 1459 cylindraceo-oblongi
1888 1406 1966 1446 ob—

363 1483 450 1523 tusi
477 1488 860 1535 purpurascentes5
893 1497 1075 1536 squamae
1106 1497 1127 1524 e
1157 1483 1249 1523 basi
1281 1488 1460 1534 anguste
1493 1488 1668 1522 cuneata
1696 1495 1867 1523 sursum
1896 1483 1967 1522 in-

364 1560 547 1610 signiter
575 1561 772 1615 dilatatae,
803 1561 886 1602 9”’
917 1562 1077 1614 long-ze,
1107 1562 1190 1602 8“¹
1217 1561 1334 1614 latae,
1366 1560 1552 1600 bracteis
1583 1561 1710 1599 multo
1741 1561 1966 1611 angustio-

363 1635 484 1676 ribus
522 1637 776 1676 acuminatis
812 1650 958 1689 parum
996 1643 1220 1689 superatae.
1290 1639 1444 1678 Semen
1481 1637 1563 1679 2”’
1600 1637 1795 1691 longum,
1838 1636 1906 1676 ala
1942 1638 1967 1678 6

364 1711 500 1753 lineas
527 1712 675 1767 longa,
706 1718 794 1753 tres
823 1713 922 1766 lata,
952 1714 1046 1754 basi
1076 1718 1315 1768 angustata,
1344 1718 1690 1768 purpurascente,
1721 1713 1821 1753 hinc
1843 1715 1966 1763 juxta

366 1789 544 1830 seminis
572 1789 683 1830 latus
713 1791 962 1832 decurrente
994 1799 1035 1831 et
1062 1794 1229 1832 reflexa.

824 1938 882 1966 Η
925 1943 1142 1992 Bracteoe
1182 1945 1395 1993 inclusae.

707 2056 785 2103 17.
839 2057 989 2104 Pn'cs
1043 2071 1281 2105 AMABILIS
1334 2057 1519 2123 Dougl.

329 2168 483 2217 Abies
524 2167 661 2217 foliis
696 2169 1221 2233 pectinato—distichis
1263 2169 1429 2234 planis
1467 2170 1628 2219 acutis
1666 2171 1847 2219 subtus
1885 2186 1965 2218 ar-

261 2249 488 2315 genteiS,
525 2250 724 2299 strobili
760 2250 1029 2316 cylindrici
1052 2250 1274 2299 bracteis
1305 2251 1520 2299 inclusis
1553 2267 1580 2300 e
1605 2251 1717 2300 basi
1742 2250 1967 2315 stipitata

263 2330 494 2379 ovalibus
522 2330 737 2389 obtusis,
775 2332 1002 2396 squamis
1028 2331 1130 2380 late
1159 2333 1406 2381 cuneatis.

369 2441 500 2481 Pinus
531 2441 726 2481 amabilis
768 2441 965 2494 Douylas
1005 2444 1051 2482 in
1092 2443 1186 2482 Bot.
1218 2443 1333 2496 May.
1365 2442 1511 2494 Comp.
1544 2443 1600 2482 II.
1635 2443 1723 2484 152.
1782 2443 1966 2483 Antoine

425 2517 568 2568 Gonif.
601 2519 666 2558 63.
698 2523 725 2557 t.
757 2518 821 2559 25.
851 2518 888 2569 f.
918 2519 957 2560 2.

369 2593 500 2633 Picea
527 2593 724 2632 amabilis
754 2593 940 2634 Laudem
970 2594 1164 2633 Arbor-et.
1194 2594 1309 2633 Brit.
1342 2593 1412 2633 IV.
1442 2594 1559 2636 2342.
1597 2594 1633 2645 f'.
1663 2594 1966 2637 2247-2248.

370 2670 502 2711 Abies
532 2669 726 2709 amabilis
754 2669 896 2710 Pinet.
932 2670 1133 2710 Woburn.
1169 2671 1255 2712 125.
1287 2676 1314 2710 t.
1346 2673 1408 2712 44.

335 2795 541 2845 Habitat
566 2797 621 2844 in
642 2793 867 2858 America
894 2797 1072 2843 boreali
1098 2797 1393 2845 occidentali.

426 2905 602 2957 Species
639 2906 686 2945 P.
717 2905 866 2955 grandi
907 2905 1049 2945 affinis
1092 2910 1130 2946 et
1170 2907 1409 2961 simillima,
1452 2908 1650 2947 distincta
1682 2912 1816 2948 tamen
1847 2909 1966 2949 foliis

377 2982 530 3036 acutis,
560 2994 647 3035 quae
667 2982 803 3023 levem
824 2982 986 3035 quidem
1007 2995 1084 3023 nec
1107 2984 1274 3022 omnino
1298 2987 1559 3023 constantem
1583 2988 1838 3024 caracterem
1857 2997 1967 3036 pra>—

372 3058 492 3113 bent,
531 3062 574 3099 et
601 3058 795 3099 strobilis
826 3059 1080 3112 majoribus,
1123 3073 1386 3112 squamarum
1419 3061 1591 3112 denique
1633 3065 1673 3101 et
1701 3061 1965 3102 bractearum

374 3134 533 3189 forma,
571 3147 658 3188 quae
693 3135 734 3175 in
773 3136 895 3176 icone
930 3136 1066 3176 Pineti
1096 3136 1410 3177 VVoburnensis
1454 3141 1494 3176 et
1534 3137 1574 3177 in
1605 3137 1779 3190 reliquis
1817 3151 1867 3179 ex
1894 3137 1967 3178 illo

373 3210 572 3252 mutuatis
601 3210 710 3252 haud
739 3211 843 3252 bene
873 3212 1075 3252 redditur.
