2197 3649
871 204 1132 241 rmASTER.
1731 204 1840 254 173

253 329 383 370 Pinus
412 327 639 370 densium-a
665 327 841 368 Siehold
869 335 914 370 et
931 329 1178 370 Zuccarini
1200 329 1320 369 Flor.
1350 329 1514 383 Japon.
1535 332 1592 372 11.
1613 333 1678 376 22.
1700 341 1727 375 t.
1753 338 1840 380 112.

254 404 457 453 Seki-sjo
485 403 582 444 Sin.
623 404 858 445 Me-matsu
887 405 1061 456 (Pinus
1087 404 1284 457 femina)
1312 412 1354 445 et
1380 406 1645 449 Aka-matsu
1673 409 1845 461 (Pinus

303 478 466 530 rubra)
489 479 652 532 Japon.

214 577 421 627 Habitat
458 595 542 643 per
575 587 726 627 totam
756 578 1050 643 Japoniam,
1090 581 1146 627 in
1184 581 1448 643 provinciis
1482 585 1849 636 australioribus

146 661 315 709 rarior
359 670 401 710 et
439 663 622 725 passim
661 663 816 718 culta,
880 663 933 710 in
978 662 1145 710 mediis
1189 663 1384 726 imperii
1426 666 1696 727 reqionibus
1743 684 1849 716 cum

148 742 275 791 Pina
308 742 631 791 Massoniana
656 743 842 806 passim
876 744 1033 804 sylvas
1069 751 1230 791 vastas
1267 746 1551 808 efformans,
1594 763 1625 794 a
1647 749 1849 811 planitie

149 825 215 872 ad
253 821 646 872 1000—200w
685 825 991 872 elevationem
1029 825 1333 873 adscendens.

306 935 473 985 „Arbor
502 948 611 988 saepe
652 935 932 989 quadraginta
970 936 1096 988 pedes
1139 936 1226 975 alta,
1263 949 1304 976 v.
1336 936 1483 989 altior,
1519 942 1670 979 trunco
1700 940 1848 995 tereti,

254 1017 411 1065 „recto,
443 1012 602 1051 cortice
631 1011 750 1066 laevi,
782 1012 1250 1052 cinereo—fuscescente
1279 1013 1449 1067 vestito,
1479 1015 1655 1054 ramulis
1683 1016 1850 1057 sordide

253 1087 446 1141 „cinereo
476 1088 640 1142 fuscis,
671 1088 855 1139 glabris,
884 1088 1125 1139 perularum
1154 1088 1322 1127 basibus
1350 1088 1673 1140 persistentibus
1701 1095 1742 1129 et
1771 1092 1851 1131 de-

254 1163 543 1215 ⁷,currentibus
581 1164 737 1204 notatis
773 1169 813 1204 et
850 1164 1148 1204 subechinatis.
1208 1156 1389 1204 Gemmae
1428 1165 1670 1219 plerumque
1706 1167 1850 1218 plures

255 1240 322 1291 „in
364 1240 480 1292 apice
521 1240 778 1279 ramulorum
818 1239 1432 1292 verticillato-approximatae,
1480 1246 1637 1293 ovatae,
1692 1249 1849 1298 acutae,

255 1320 379 1367 „totae
405 1330 426 1356 e
450 1316 609 1367 perulis
640 1316 884 1368 compositae
915 1315 1171 1369 numerosis,
1197 1315 1460 1369 lanceolatis,
1490 1317 1757 1372 acuminatis,
1788 1319 1854 1359 ci-

253 1391 688 1444 „liato—sphacelatiS,
717 1391 809 1430 basi
839 1390 1271 1441 sublignescentibus,
1301 1391 1643 1443 persistentibus,
1673 1406 1698 1431 a
1717 1394 1853 1434 medio

254 1479 450 1520 „sursum
480 1466 830 1519 membranaceis,
863 1467 1027 1505 demum
1057 1465 1187 1505 aridis
1217 1470 1258 1504 et
1279 1465 1467 1505 deciduis
1494 1466 1646 1520 fuscis,
1675 1468 1853 1520 primum

254 1543 407 1595 „dense
436 1542 684 1596 imbricatis,
714 1542 853 1582 serius
882 1543 957 1582 sub
987 1541 1232 1582 vernatione
1263 1556 1288 1581 a
1311 1554 1357 1581 se
1381 1541 1564 1581 invicem
1593 1544 1781 1597 remotis,
1811 1550 1854 1586 et

254 1619 480 1672 „foliorum
509 1620 602 1660 loco
632 1633 706 1671 per
729 1623 862 1659 totum
886 1619 1094 1659 ramulum
1119 1618 1360 1658 alternatim
1385 1618 1634 1673 distributis,
1663 1634 1853 1671 gemmas

256 1696 555 1749 „secundarias
591 1696 804 1736 foliiferas
842 1710 882 1735 v.
914 1695 1129 1735 floriferas
1167 1695 1209 1735 in
1239 1694 1378 1735 axillis
1407 1696 1666 1736 foventibus.
1725 1699 1854 1738 Gem-

256 1786 360 1824 „mae
389 1774 452 1813 hae
481 1773 677 1813 foliiferae
706 1773 931 1827 perulatae,
960 1773 1115 1825 perulae
1147 1774 1197 1813 10
1216 1795 1265 1799 —
1288 1772 1338 1813 12
1365 1773 1852 1829 membranaceo-aridae,

256 1849 561 1903 „sphacelatae,
603 1849 906 1903 persistentes,
947 1854 987 1889 et
1017 1853 1111 1902 post
1138 1848 1426 1888 vernationem
1455 1849 1497 1889 in
1527 1850 1670 1890 tubum
1700 1850 1854 1903 (vagi-

114 1928 152 1952 ⁸
257 1925 405 1978 „nam]
433 1927 628 1978 brevem,
660 1926 966 1980 cylindricum,
994 1926 1195 1965 foliorum
1219 1925 1470 1966 fasciculum
1491 1926 1728 1977 cingentem
1749 1941 1854 1968 con-

257 2006 429 2053 „gestae.
486 2002 613 2041 Folia
641 2002 683 2041 in
714 2002 862 2054 quovis
892 2001 1099 2041 fasciculo
1130 2001 1323 2055 gemina,
1353 2014 1552 2056 acerosa,
1582 2003 1751 2057 tenuia,
1790 2003 1854 2043 ri-

257 2077 403 2128 „gida‚
447 2082 595 2130 acuta,
637 2076 827 2127 margine
871 2077 1114 2116 tenuissime
1157 2078 1606 2129 serrulam-scabra,
1656 2084 1853 2118 caeterum

259 2154 455 2206 „glabra,
493 2153 911 2206 subglaucescentia,
951 2154 1099 2193 subtus
1129 2166 1338 2205 convexa,
1378 2167 1557 2205 superne
1588 2167 1777 2194 concava
1814 2159 1855 2195 et

258 2231 478 2285 „utrinque
514 2231 702 2271 seriebus
741 2234 967 2270 stornatum
1005 2231 1195 2281 pluribus
1233 2230 1428 2270 discretis
1469 2235 1635 2284 notata,
1675 2235 1765 2270 tres
1804 2232 1853 2271 ad

258 2313 463 2362 „quatuor
491 2308 669 2360 pollices
709 2308 859 2359 longa,
900 2320 976 2359 per
1002 2306 1226 2346 triennium
1255 2306 1452 2346 virentia.
1523 2307 1703 2346 Gemmae
1732 2307 1855 2346 flori—

258 2385 388 2435 „ferae
418 2384 615 2424 mascula*
646 2397 667 2423 e
695 2384 937 2436 perularum
967 2384 1271 2432 disjunctarum
1314 2382 1451 2422 axillis
1482 2382 1524 2422 in
1552 2382 1754 2422 inferiore
1783 2395 1856 2422 ra-

257 2459 385 2511 „muli
409 2459 564 2499 novelli
588 2465 734 2513 parte,
764 2473 1021 2513 numerosae,
1052 2465 1093 2500 et
1119 2460 1159 2499 in
1184 2459 1343 2511 spicam
1368 2459 1644 2512 cylindricam
1665 2460 1854 2512 densam,

259 2536 412 2588 „2—3
441 2536 616 2589 pollices
644 2537 814 2587 longam
846 2541 1082 2588 congestae,
1119 2536 1335 2588 perulatae.
1394 2535 1574 2575 Amenta
1600 2535 1693 2588 ipsa
1719 2534 1858 2575 sessi-

260 2613 367 2667 „lia,
419 2613 686 2668 abbreviata,
734 2618 858 2653 ovato
899 2613 1149 2666 cylindrica.
1217 2612 1410 2653 Stamina
1445 2613 1573 2652 dense
1611 2612 1856 2666 imbricata,

261 2689 563 2740 „alternantia5
603 2690 817 2730 filamenta
853 2689 1022 2741 brevia,
1061 2688 1302 2741 filiformia,
1333 2687 1447 2741 apice
1478 2693 1652 2728 extensa
1680 2688 1721 2727 in
1752 2701 1857 2728 con—

259 2766 444 2818 „nectivi
476 2779 721 2819 processum
751 2766 1125 2820 suborbicularem,
1155 2766 1402 2805 tenuissime
1434 2764 1693 2804 crenulatum
1723 2776 1858 2803 mem-

260 2842 561 2896 „branaceum,
603 2856 624 2882 e
655 2845 779 2892 cujus
807 2843 898 2882 basi
931 2843 1188 2882 descendunt
1217 2842 1405 2881 antherae
1434 2840 1573 2879 locula
1601 2840 1695 2890 duo,
1734 2839 1859 2891 ellip-

259 2918 396 2971 „tica,
438 2919 548 2958 rima
585 2918 880 2969 longitudinali
918 2918 1080 2971 postice
1123 2916 1398 2957 dehiscentia.
1456 2916 1638 2955 Amenta
1677 2914 1859 2954 feminea

261 2993 526 3043 „terminalia
561 2994 759 3034 solitaria
794 3008 834 3034 v.
861 2994 982 3047 plura
1010 2992 1375 3044 subverticillata,
1414 2991 1583 3041 singula
1619 2990 1661 3030 in
1696 2989 1857 3030 ramulo

262 3067 544 3123 „abbreviato,
574 3071 735 3122 perulis
766 3069 1040 3124 lanceolatis,
1070 3069 1233 3120 acutis,
1264 3067 1596 3108 membranaceis
1626 3067 1752 3106 dense
1781 3077 1858 3104 ve-

262 3143 410 3194 „stit0,
441 3147 869 3199 ovato—subglobosa,
901 3147 976 3186 sub
1008 3146 1172 3186 anthesi
1203 3150 1347 3185 erecta
1375 3150 1416 3184 et
1446 3142 1732 3194 magnitudine
1761 3140 1854 3191 pisi.

264 3221 483 3269 „Squamae
513 3234 762 3275 numerosae,
793 3224 919 3262 dense
948 3222 1190 3262 alternatim
1221 3220 1474 3269 imbricatae,
1502 3216 1749 3258 brevissime
1774 3215 1857 3254 sti-
